2918 4806
1143 343 1206 426 ³3⁰

160 525 283 594 crrnqne
303 529 380 594 quae
401 512 547 573 haetenus
568 508 786 596 explicavimus
809 522 943 574 accurate
962 512 1140 596 pensitavit,
1168 511 1208 574 de

159 612 289 676 audacia
308 612 442 676 hominis
465 613 674 697 obstupescet,
703 613 755 697 qui
775 625 937 697 postquam
956 625 1078 698 questrrs
1101 626 1147 677 est
1169 614 1208 678 de

159 715 344 778 testimoniis
356 714 537 800 scriptorum
548 718 586 777 ab
603 714 795 803 Diogeniano
810 717 940 795 osrrissis,
963 739 999 778 ea
1012 714 1124 792 addere
1139 737 1208 780 sese

158 825 302 898 paratum
313 837 381 878 esse
394 817 444 894 ait,
468 818 578 880 etiam
598 817 674 880 nihil
688 819 813 902 profert,
834 821 893 882 nisi
906 817 1083 896 Aristarchi,
1105 816 1207 904 Apio-

159 916 211 980 nis
231 927 261 979 et
280 899 441 985 Heliodori
466 918 622 982 dictiones.
671 918 722 998 Si,
745 931 779 982 ut
799 920 1003 997 ostendimus,
1030 920 1207 1006 Pamphilus

160 1019 306 1096 glossaria
330 1017 560 1107 Aristophanis,
588 1019 792 1100 Artemidori,
814 1021 1029 1100 Timachidae,
1052 1019 1206 1100 Ameriae,

160 1119 292 1201 Didymi
313 1121 518 1208 aliorumque,
539 1145 617 1207 quos
633 1144 790 1186 recensere
810 1126 916 1188 inutile
937 1137 998 1203 est,
1029 1127 1206 1203 collegerat:

160 1243 260 1306 eaque
285 1224 389 1301 omnia
414 1223 639 1304 Diogenianus‚
670 1227 790 1288 omissis
813 1227 1008 1305 testimoniis,
1037 1229 1071 1290 in
1096 1228 1208 1290 librum

160 1347 254 1388 suum
264 1311 469 1402 transtulerat:
493 1347 552 1410 quo
570 1325 666 1389 modo
678 1327 803 1392 tandem
815 1349 853 1390 ea
864 1331 1025 1414 supplebat
1034 1329 1207 1415 Hesychius

160 1449 204 1488 ex
228 1425 421 1506 Aristarcho,
449 1426 577 1513 Apione
603 1441 634 1492 et
658 1429 851 1496 Heliodoro?
893 1431 953 1494 Hic
969 1433 1117 1515 Hesychii
1138 1453 1207 1496 sese

159 1529 270 1616 prodit·
280 1531 412 1608 inscitia,
435 1531 487 1614 qui
505 1532 533 1592 si
552 1529 625 1614 quid
646 1530 685 1592 de
701 1531 862 1616 Pampbilo
881 1531 1041 1614 audiisset,
1069 1536 1096 1597 si
1115 1555 1207 1620 quem

161 1633 339 1694 thesaurum
359 1653 460 1704 rerum
480 1632 705 1694 utilissimarum
724 1630 933 1712 Diogenianus
947 1639 1131 1718 collegisset,
1154 1660 1207 1700 co-

159 1737 282 1814 gnitmn
293 1735 463 1812 habuisset,
486 1732 570 1795 haud
584 1732 678 1796 dubie
690 1734 775 1796 aliter
785 1733 968 1810 iudicaturus
982 1737 1097 1800 fuisset.
1140 1719 1207 1800 Ve-

158 1838 281 1900 rissime
305 1839 396 1918 igitur
417 1836 636 1908 Valckenarius
665 1835 801 1917 „Noster
826 1857 900 1900 vcro
924 1851 1067 1918 noverat,
1105 1839 1206 1920 crede,

158 1941 240 2002 inter
254 1951 368 2001 ceteras
381 1939 443 2018 legi
455 1937 602 2000 dictiones
616 1940 707 2016 longe
725 1939 871 2022 plurimas
886 1939 1059 2019 Laconum,
1082 1926 1208 2019 Creten-

159 2042 261 2120 sium,
283 2041 526 2104 Tarentinerum.
570 2039 629 2103 Ubi
639 2038 765 2103 tandem
784 2041 950 2104 invenisset
964 2065 1071 2106 eorum
1089 2046 1208 2130 scripta,

161 2167 183 2206 θ
194 2144 335 2228 quibusa
352 2141 479 2209 diversis
498 2146 620 2204 fuerunt
642 2143 843 2222 grammaticis
862 2146 1026 2210 enotatas?
1053 2145 1120 2210 Iam
1133 2147 1208 2210 olim

159 2249 311 2332 perierant
323 2244 498 2322 Alcmanis,
520 2243 671 2327 Hybriae‚
694 2241 841 2322 Sileniae‚
862 2245 1026 2311 Rhintonis
1047 2249 1208 2318 similitun-

161 2371 223 2434 que
247 2349 395 2426 carmina,
413 2371 441 2429 ¹e
469 2369 599 2432 quorum
624 2347 805 2424 dictionibus
831 2350 984 2422 stercor
1005 2349 1209 2424 Λακωνικαὶ,

162 2447 335 2534 Κρητικαὶ,
354 2443 509 2514 'Ital-turri
531 2449 734 2510 coaluerant.“
754 2495 758 2503 ,
776 2450 834 2512 Hic
847 2450 938 2528 igitur
948 2451 1096 2534 Hesychii
1108 2455 1208 2516 maxi-

160 2574 234 2616 mus
258 2563 304 2615 est
324 2551 420 2630 error,
449 2550 534 2636 quod
549 2573 598 2614 -ex
617 2549 810 2629 Aristarcho,
830 2549 967 2637 Apione
989 2563 1019 2614 et
1038 2553 1207 2616 Heliodoro

161 2654 347 2734 Diogeniani
366 2653 476 2716 librmn
487 2653 658 2742 pleniorem
676 2674 746 2716 sese
757 2652 948 2728 redditurum¹
964 2676 1033 2718 esse
1052 2668 1083 2719 et
1096 2658 1206 2724 melio-

161 2777 230 2828 rem
241 2768 423 2842 speraverat.
467 2755 530 2818 Sed
545 2777 583 2818 ex
589 2767 678 2842 parte
690 2755 723 2818 id
733 2756 800 2842 ipse
813 2756 934 2820 ridetur
945 2757 1091 2835 sensisse,
1112 2779 1207 2845 quum

162 2857 349 2939 Diogeniani
375 2859 497 2936 lexicon
516 2859 565 2922 sui
589 2860 657 2922 libri
685 2854 840 2941 μέγιστον
863 2857 1085 2943 πλεονέκτημα
1105 2861 1207 2924 nomi-

162 2973 225 3028 net.
269 2959 316 3022 Eo
333 2962 431 3041 magis
445 2961 509 3026 eius
520 2959 667 3046 loquendi
685 2961 761 3024 ratio
780 2961 977 3046 vimperanda
997 2974 1056 3046 est,
1079 2981 1209 3048 quasua

162 3064 270 3134 merita
282 3065 372 3126 nimis
384 3065 509 3126 extollit.

175 3232 207 3253 ,κ
251 3165 314 3230 Sed
328 3165 400 3251 quid
411 3164 537 3228 tandem
548 3176 615 3253 est„
630 3165 714 3250 quod
735 3171 774 3232 ab
788 3167 966 3234 Aristarcho
987 3179 1017 3231 et
1033 3166 1168 3254 Apione¹
1178 3179 1208 3232 et

163 3268 334 3332 Heliodoro
353 3271 492 3355 accepit?
516 3268 657 3332 Dubitari
677 3291 740 3330 non
765 3281 882 3355 potest,
912 3272 985 3355 quin
1002 3269 1208 3333 additamenta

161 3372 231 3434 veius
245 3371 285 3432 ad
298 3365 469 3434 Homerum
481 3371 677 3457 potissimum
690 3373 908 3456 spectaverint,
930 3370 1013 3456 quod
1031 3372 1122 3433 trium
1138 3371 1208 3434 illo-

164 3495 234 3540 rum
246 3466 382 3538 virorum
402 3474 571 3536 coniunctio
587 3471 686 3535 docet.
728 3472 817 3534 Nunc
830 3493 905 3536 vero
923 3471 1007 3552 audi,
1037 3472 1111 3558 quid
1132 3473 1218 3548 affe<

165 3596 241 3638 ram.
292 3573 477 3640 Enumeravi
499 3588 602 3653 antea,
637 3595 714 3659 quae
742 3573 941 3662 ePamphilo
967 3587 998 3638 et
1014 3574 1207 3656 Diogeniano

167 3677 248 3764 apud
270 3689 389 3754 peteres
415 3680 574 3764 scriptores
599 3679 729 3764 sparsim
755 3679 951 3763 reperiuntur.
1002 3675 1066 3757 Qui
1079 3677 1208 3759 singula

166 3801 419 3866 percurrereffnon
441 3779 635 3862 dedignatam,
663 3780 803 3856 universe
822 3782 849 3842 si
875 3802 941 3843 rem
959 3783 1207 3868 contemplamur,

168 3879 327 3959 concedet,
349 3882 461 3960 ⁸adesse
472 3883 596 3968 quidem
620 3885 818 3967 corruptelas,
841 3883 897 3946 sed
917 3903 1016 3968 neque
1030 3886 1155 3962 multas,
1177 3894 1208 3944 et

167 4003 240 4070 quas
257 3986 346 4048 facile
367 3985 514 4066 corrigere
533 3985 648 4071 possis,
676 3986 703 4048 si
724 4004 804 4061 non,
831 3997 993 4071 utsaepe,
1019 4007 1112 4050 voces
1136 3984 1207 4046 alibi
1287 4003 1291 4012 ·

165 4086 314 4156 inauditas
330 4089 452 4174 prefert.
471 4091 476 4100 '
499 4085 565 4166 Uno
581 4109 634 4158 ore
648 4097 751 4160 autem
770 4109 862 4171 quum
882 4089 1080 4156 confiteantur
1099 4107 1207 4150 ornnes
