2894 4816
1134 392 1176 456 lt

132 557 199 613 erat
218 544 381 634 Apollonii
399 545 528 622 lexicon,
540 545 740 617 homericum.
791 550 904 620 Nonne
918 555 979 618 hoc
999 575 1172 650 comparato

132 673 199 712 non
210 652 313 714 minus
333 653 413 713 bene
429 644 532 714 doceri
555 664 687 740 poterat,
710 657 827 735 glossae
843 657 1057 740 Hesycliianae
1072 669 1174 751 quales

133 763 224 816 antea
234 754 380 819 fuerint?
413 748 516 830 Quare
529 750 671 837 equidem
684 755 763 817 hanc
780 756 904 842 quidem
917 759 1093 830 Ruhnkenii
1103 791 1175 832 sen.

132 856 262 922 tentiam
277 853 339 918 hoc
356 855 460 918 statim
485 855 522 917 in
543 858 629 934 loce,
662 857 715 918 ubi
737 879 785 944 res
805 881 944 923 enarrare
966 866 1078 949 modo,
1103 893 1175 934 non

133 953 299 1020 diiudicare
319 953 353 1020 in
374 958 478 1019 animo
500 966 576 1035 erat,
598 955 775 1020 Ruhnkenii
793 960 918 1041 ingenio
932 965 1035 1030 minus
1052 969 1175 1051 dignam

133 1081 203 1124 esse
224 1059 383 1124 ostendere
403 1059 497 1123 volui.
540 1057 661 1122 Tamen
685 1082 722 1123 ea
744 1063 900 1149 hucusque
916 1088 981 1128 non
1002 1081 1048 1131 est
1065 1092 1083 1132 a
1098 1094 1176 1156 quo-

132 1182 228 1248 quam
240 1166 385 1242 rclutata3
406 1183 463 1246 pro
481 1161 619 1223 mutilato
636 1172 666 1224 et
685 1164 866 1250 interpolato
880 1187 897 1228 a
912 1169 1062 1256 plerisque
1078 1175 1176 1238 habe-

132 1268 222 1329 batur
231 1265 462 1349 Hesychianum
473 1265 611 1328 lexicon:
633 1268 810 1350 praesertim
827 1279 990 1354 postquam
1005 1271 1176 1340 adversaria

131 1365 328 1428 Valckenarii
348 1368 497 1430 sententia
509 1365 685 1429 Ruhnkenii
701 1370 863 1448 sagacitate
879 1383 909 1433 et
924 1371 1059 1437 doctrina
1072 1376 1176 1456 fundi-

111 1480 183 1532 -tus
202 1491 307 1534 eversa
323 1479 353 1533 et
370 1473 499 1533 refutata
518 1491 585 1532 esse
604 1470 702 1534 videri
724 1485 873 1558 coeperat.
915 1473 971 1536 Ad
985 1479 1068 1541 hunc
1084 1483 1176 1562 enim,

86 1585 92 1594 ’
133 1572 220 1636 cuius
238 1575 303 1635 iarn
322 1584 410 1636 antea
423 1573 526 1658 paucis
542 1573 756 1653 meminimus,
778 1597 859 1637 nune
875 1575 1066 1643 redeundum
1078 1594 1133 1646 est.

219 1673 326 1738 Exstat
341 1675 536 1738 Valckenarii
550 1673 719 1738 dissertatio
741 1675 780 1740 de
794 1677 927 1742 Scholiis
942 1681 983 1743 ad
994 1682 1176 1765 Homerum,

131 1787 206 1864 post
226 1777 390 1858 Virgilium
410 1775 605 1840 Ursinianum
625 1776 723 1846 edita:
754 1780 802 1840 cui
820 1779 900 1843 inest
920 1775 1118 1849 schediasma
1137 1786 1177 1850 de

60 1929 65 1944 ,
131 1879 271 1966 Epistola
298 1879 338 1943 ad
360 1879 525 1960 Eulogium
547 1880 703 1960 Hesychio
726 1881 861 1966 praefixa
891 1884 1049 1968 operisque
1071 1880 1178 1950 inseris

130 1984 260 2071 ptione3
279 1986 317 2048 cf.
330 1981 462 2069 Opuscc.
477 1982 585 2078 Valclt.
600 1981 645 2060 H,
667 2005 697 2068 p.
714 1982 775 2048 152
791 2021 811 2032 -
850 1989 921 2050 163.
963 1985 1011 2049 Ibi
1023 1986 1178 2075 Epistulae

131 2095 239 2148 auctor
260 2088 299 2148 ab
321 2087 480 2147 collectore
499 2084 589 2146 lexici
610 2097 779 2170 separatur3
800 2088 882 2149 hunc
895 2088 1085 2170 Hesychium
1098 2113 1179 2154 nun-

132 2199 241 2273 cupat;
251 2188 347 2250 'illum
367 2187 523 2250 falsarium
533 2187 607 2248 'esse
629 2198 659 2248 et
673 2188 822 2270 Hesychii
839 2210 956 2252 nomen
971 2190 1106 2256 induisse
1120 2215 1179 2280 pu-

131 2301 195 2373 tat3
226 2309 398 2376 quanquam
419 2309 488 2351 eam
508 2289 733 2372 quaestionem,
756 2291 823 2375 quis
840 2292 930 2354 lexici
944 2305 1048 2356 auctor
1060 2297 1179 2358 haben-

133 2389 194 2455 dus
211 2391 266 2472 sit,
298 2413 363 2454 non
385 2403 521 2455 accurate
539 2402 666 2454 tractare
685 2393 798 2472 voluit,
831 2396 979 2480 epistolae
1001 2399 1179 2484 scriptorem

131 2493 365 2580 reprehendisse
377 2506 544 2558 contentus.
587 2493 724 2556 Lexicon
737 2495 839 2580 ipsum
853 2499 981 2560 maximi
997 2501 1078 2562 lacit.
1123 2499 1180 2578 „ln

132 2597 361 2683 Hesychium,“
390 2599 445 2680 ait,
468 2593 658 2677 „nostinihil
671 2592 771 2658 dicere
781 2619 833 2660 me
846 2599 1073 2678 inclementius,
1097 2601 1181 2662 cuius

133 2719 253 2766 errores
276 2701 446 2782 gravsssimi
461 2699 521 2786 ipsi
544 2698 686 2762 Bentleio
704 2700 873 2785 plurimum
894 2702 970 2763 boni
991 2698 1181 2786 pepererint‘

133 2805 226 2893 epist.
241 2805 281 2867 ad
293 2803 425 2867 Roerer.
439 2802 571 2888 Opuscc.
585 2800 616 2881 I,
637 2825 668 2888 p.
686 2803 759 2867 349.
802 2801 853 2865 De
866 2802 1013 2888 epistolae
1026 2802 1181 2888 scriptore,

133 2921 201 2974 tota
214 2908 416 2995 disputatione
436 2906 537 2985 finita,
559 2905 601 2968 ita
619 2901 755 2983 disserit,
777 2906 798 2966 l.
813 2908 833 2967 l.
846 2927 876 2991 p.
894 2909 973 2969 168.¹
1007 2903 1182 2984 „Omnibus

135 3023 241 3075 autem
261 3010 417 3098 expensis,
439 3008 483 3070 sic
503 3029 632 3086 censeo,
662 3009 845 3069 luculentam
867 3007 1082 3087 glossariorum
1103 3007 1182 3084 lexi-

136 3135 303 3200 corumque
316 3124 455 3177 veterum
473 3105 690 3194 συναγωγῆν,
715 3131 807 3196 quam
820 3112 876 3173 sub
892 3110 1040 3192 Hesychii
1055 3109 1183 3172 nomine

133 3217 280 3296 legimus,
302 3237 366 3277 non
380 3236 447 3278 esse
465 3214 544 3280 vasti
563 3215 663 3299 operis
677 3213 852 3298 epitomen,
868 3224 1030 3299 postquam
1046 3212 1182 3299 Epistola

134 3315 180 3380 ad
196 3315 361 3404 Eulogium
383 3317 493 3402 scripto
514 3320 612 3378 fuerat
632 3315 791 3394 mandata,
815 3315 1043 3378 concinnatam:
1074 3333 1183 3399 saepe-

132 3439 268 3484 numero
281 3416 405 3502 quidem
418 3416 590 3480 Auctorum
613 3429 643 3480 et
654 3413 843 3504 Populorum
857 3418 985 3479 nomina
1000 3418 1081 3477 male
1095 3416 1183 3500 prae-

131 3517 295 3595 termissa3
327 3539 391 3579 non
410 3539 504 3601 pauca
523 3520 631 3597 etiarn,
662 3541 738 3604 quae
759 3521 793 3582 in
817 3521 901 3584 libris
920 3516 1046 3588 vetuistis
1065 3517 1184 3602 plenius

133 3627 324 3703 legecestra,
346 3618 441 3681 fuisse
455 3630 623 3682 contracta:
644 3619 702 3682 sed
716 3625 754 3685 ab
771 3625 839 3702 illo,
862 3623 913 3709 qui
926 3643 991 3684 non
1002 3620 1184 3707 peritissime

101 3809 105 3816 ἡ
134 3725 219 3788 hanc
234 3721 446 3786 collectionem
457 3721 572 3807 primus
588 3719 762 3786 adornavit:
783 3725 953 3811 Epistolam
967 3722 1008 3787 ad
1020 3721 1184 3804 Eulogium

137 3848 159 3890 a
180 3822 335 3889 Graeculo.
348 3824 509 3890 recentiori
520 3825 701 3910 praefixam,
723 3837 758 3887 ut
780 3825 897 3890 librum
910 3828 1061 3891 momenti
1074 3826 1185 3888 nullius

137 3926 311 4007 augmentis
328 3947 347 3988 a
366 3947 401 3990 se
422 3926 551 3990 ditatum
565 3926 732 4015 splendidis
752 3928 919 3994 mendaciis
939 3927 1185 4004 commendaret,

138 4039 231 4114 atque
248 4026 327 4091 adeo
342 4021 499 4108 εκίεῐίωο,
526 4027 718 4114 Hesychium
739 4031 806 4096 sive
820 4045 908 4098 vetus
926 4030 1048 4095 illudet
1063 4028 1103 4091 ad
1118 4025 1185 4090 adi-

138 4129 319 4218 piscendam
350 4125 559 4216 eruditionem,
580 4128 798 4220 ingenimnque
833 4133 1036 4200 mercandum
1062 4126 1186 4192 utilissi-

977 4241 998 4298 2
