2918 4806
473 519 650 610 datitiorum
672 522 844 593 Μούσαισι
865 519 1095 610 audentiores
1118 519 1232 614 ᾅδων
1271 583 1276 590 .
1311 585 1316 591 .

472 626 529 696 καί
551 625 642 698 σύνει
664 626 721 696 καὶ
742 624 786 716 μὴ
806 624 959 697 utura.
1029 687 1031 691 .
1115 693 1117 700 ,

309 781 413 863 Quare
424 794 489 845 tam
501 785 794 869 conuptoHesychii
808 783 906 846 codici
918 808 984 847 non
999 787 1159 872 obsequar.
1202 783 1274 849 Non
1288 788 1358 850 ille-

301 877 379 972 'pida
393 886 532 972 quidem,
554 886 610 950 sed
623 889 680 982 nisi
694 890 796 966 sallm,
819 887 921 951 ¹minus
940 910 1013 951 vera
1036 900 1083 984 est¹
1099 887 1272 952 Casauboni
1284 913 1357 954 sen-

307 991 416 1069 tentia,
438 988 622 1069 „Cornicem
641 990 784 1054 videlicet
805 989 1055 1054 circumferebam
1076 1003 1199 1074 agyrtae
1214 991 1273 1071 illi,
1298 993 1356 1055 do-

309 1103 389 1154 ctam
412 1092 465 1172 (ut
483 1093 623 1175 videtin)
653 1093 755 1156 conari
775 1106 877 1158 nostra
897 1093 1029 1177 verba“;'
1051 1093 1228 1178 Schweigh.
1249 1098 1305 1159 ll
1324 1121 1353 1184 p.

308 1196 381 1260 652.
426 1196 589 1259 Lusciniae'
600 1191 946 1260 enim'commemoratio
960 1199 993 1260 in
1007 1197 1098 1261 simili
1116 1201 1184 1260 lusu
1203 1219 1272 1261 eam
1283 1197 1355 1262 red-

300 1289 413 1380 arguit.
462 1298 620 1362 Postremo
648 1297 746 1378 addo,
783 1299 943 1363 Musurmn
970 1301 1117 1383 Hesychii
1137 1304 1231 1365 verba
1255 1323 1354 1365 corre-

300 1389 389 1463 ¹xisse
407 1411 436 1462 et
449 1423 505 1486 pro
527 1393 714 1482 ἀγείροντες
734 1405 815 1465 male
838 1399 1015 1486 ἐγείροντες
1036 1404 1203 1490 scripsisse,
1227 1403 1352 1468 Schow.

307 1501 465 1591 Supplem.
473 1524 504 1587 p.
519 1500 601 1582 459,
617 1503 708 1588 quam
723 1505 926 1568 coniecturam
936 1509 1103 1594 typotheta,
1120 1529 1184 1569 non
1198 1529 1267 1570 raro
1281 1506 1352 1570 llln-

307 1627 378 1668 suro
395 1604 529 1686 doctior,
550 1607 665 1674 merito
675 1609 817 1690 neglexit.

395 1759 527 1826 Duobus
545 1763 635 1843 igitur
654 1762 688 1824 in
707 1763 783 1828 locis
804 1782 898 1847 quum
909 1764 1004 1825 ¹nulla
1024 1774 1105 1825 extet
1124 1760 1299 1850 difficultas,
1320 1761 1349 1824 in

300 1863 401 1926 trihus
423 1867 545 1952 reliquis
567 1868 668 1930 minus
683 1868 767 1928 clare
782 1876 905 1950 apparet
919 1866 1087 1928 sententiae
1099 1875 1220 1928 nostrae
1232 1866 1350 1955 veritas,

301 1963 423 2037 ‚Amen
445 1967 500 2049 ΠΙ,
521 1973 572 2034 89.
593 1968 622 2032 a
652 1965 719 2046 ,,Αί
745 1961 780 2030 δὲ
809 1965 924 2031 αίνναι
946 1961 1048 2048 ὀρθαὶ
1069 1961 1212 2049 φύονται
1232 1961 1268 2032 ia
1287 1969 1351 2032 τοῦ

307 2073 434 2154 βνθού·
465 2069 577 2156 ἔχοντί
604 2090 639 2134 τι
668 2064 705 2133 ἐν
735 2065 851 2145 αύταῖς
871 2064 931 2135 τὸν
951 2063 1202 2152 πιννοφύίαιια,
1235 2069 1271 2135 αί
1292 2067 1351 2154 μὲν

306 2174 477 2254 καρίδιον,
507 2173 543 2238 αί
571 2169 608 2238 di
631 2168 823 2252 καρκίνιον·
854 2159 896 2237 οὖ
917 2168 1111 2256 στερόμεναι
1131 2175 1257 2238 θᾶττον
1282 2168 1349 2240 δια
1387 2211 1389 2216 -

301 2275 511 2359 φθείρονται.
547 2276 652 2340 Τοῦτο
672 2271 709 2340 δὲ
726 2268 874 2357 Πάμφ.ὁ
896 2268 990 2353 Ἅίιξ.
1010 2272 1047 2340 ἐν
1061 2281 1131 2353 τοῖς
1151 2273 1228 2359 περὶ
1239 2271 1347 2362 ’Ouop⁸
1400 2317 1403 2324 ·

305 2373 559 2463 ’συμπεφυκέναι
596 2375 699 2462 φησίν
729 2371 873 2453 adnutu&
909 2379 1081 2461 Hesychius
1110 2375 1236 2458 ,,Πίνοι·
1266 2377 1349 2456 eidos

300 2477 424 2566 ’ἰχθύος
445 2479 501 2548 καί
528 2475 708 2562 ὀστοεοῑίες
729 2476 934 2566 κονχύίιον.“
968 2482 1053 2543 Licet
1073 2495 1176 2544 autem
1196 2487 1236 2547 ab
1250 2484 1349 2566 Hesy-

298 2589 376 2650 'chio
392 2588 485 2666 absit,
508 2585 590 2673 quod
603 2585 636 2647 in
650 2584 803 2670 Pamphili
816 2587 893 2647 libro
915 2587 1088 2671 expositum
1111 2597 1187 2664 erat,
1199 2586 1347 2651 'videmus

298 2699 424 2770 tamen,
448 2711 499 2752 cur
520 2710 556 2752 ea
569 2689 749 2774 epitomator
766 2689 1002 2773 praetennittere
1015 2689 1156 2773 potuerit.
1199 2689 1307 2777 Neque
1318 2690 1348 2754 id

298 2806 408 2856 ‘contra
422 2815 480 2856 nos
490 2805 620 2880 pugnat,
650 2789 734 2878 quod
755 2788 856 2854 ιτίννα
878 2789 990 2877 duplici
1009 2812 1031 2872 ν
1048 2790 1130 2878 apud
1142 2791 1347 2880 Athenaeum,

296 2897 435 2981 simplici
455 2894 536 2981 apud
557 2896 747 2977 Hesychium
767 2893 919 2972 scribitur,
949 2895 1019 2980 quia
1036 2894 1216 2959 Athenaeus
1236 2898 1348 2959 hocin

304 3000 373 3059 loco
396 2997 436 3059 de
457 2999 543 3061 vocis
562 2999 704 3082 scriptura
723 3019 788 3060 non
809 2995 950 3083 disputat.
995 2996 1225 3084 Comparandus
1246 3012 1347 3064 tamen

303 3112 457 3185 praeterea
473 3102 548 3162 alius
564 3101 711 3181 Hesychii
729 3103 814 3162 locus
836 3095 1062 3184 ,,Πινοτη’ρης,
1084 3097 1275 3186 πινοφύλαξ
1296 3107 1347 3168 λε-

299 3197 461 3285 1κείμενος·
483 3207 578 3279 πίνος
598 3199 634 3266 at
648 3195 735 3277 είθος
748 3195 915 3283 ὀστρίονίί,
938 3226 1030 3289 quem
1044 3205 1186 3270 lllusurus
1199 3191 1347 3272 emenda-

302 3307 436 3370 tionibus
462 3309 538 3386 suis,
560 3317 594 3368 ut
618 3327 723 3391 saepe,
757 3307 896 3391 corrupit.
952 3307 1074 3374 Codicis
1092 3313 1175 3374 enim
1195 3313 1346 3399 scriptiua,

296 3414 382 3496 “quae
392 3423 426 3472 ut
444 3433 483 3475 ex
497 3412 673 3474 litterarum
684 3408 763 3472 serie
775 3407 962 3490 intelligitur,
986 3411 1095 3503 eadem
1117 3425 1164 3477 est
1177 3417 1347 3498 lexicogra-

259 3555 265 3573 .
302 3515 372 3597 phi,
394 3515 566 3602 simplicem
584 3517 717 3578 litteram¹
735 3533 756 3576 ν
772 3524 884 3593 tuetur,
917 3527 951 3577 ut
972 3514 1149 3603 Pamphilus
1171 3517 1258 3583 idem
1280 3541 1347 3582 cum

299 3613 500 3681 lhmemidoro
519 3619 660 3697 senserit,
682 3616 727 3695 ll,
747 3615 795 3681 14.
814 3641 844 3703 p.
864 3623 933 3684 103.
977 3618 1100 3684 Deinde
1117 3622 1159 3682 in*
1171 3623 1234 3686 fine
1248 3623 1348 3710 posuit
1384 3609 1389 3626 ⁸

297 3714 424 3794 ·,,ιτίννα
435 3713 489 3784 d’“
509 3742 564 3808 pro
580 3721 657 3786 πίνο
673 3714 704 3785 θ’
717 3720 801 3806 quod
814 3723 908 3784 hahet
920 3721 1026 3804 codex,
1045 3737 1075 3787 et
1088 3724 1254 3790 Schouius
1268 3725 1347 3812 Sup-

301 3819 394 3903 plem.
410 3843 440 3905 p.
452 3821 524 3886 644.
534 3815 715 3902 ὀ“αίνορδ’
731 3831 905 3908 corruptum
920 3835 987 3886 esse
1003 3827 1138 3892 credidit.
1180 3825 1346 3892 Affirmare

302 3920 445 4006 equidem
468 3946 533 3987 non
553 3925 675 4009 dubito,
697 3926 831 4013 primum
849 3925 1001 4010 Pamphili
1023 3941 1053 3990 et
1067 3921 1259 3994 Artemidori
1275 3933 1346 3997 scri·

301 4035 421 4111 pturam
444 4047 550 4091 veram
572 4052 653 4111 esse,
676 4043 706 4094 et
722 4036 803 4096 mala
824 4032 969 4096 duntaxat
992 4025 1179 4096 Giaecorum
1197 4036 1346 4100 seriorum

301 4131 561 4214 pronuntiatione,
593 4154 670 4217 quae
693 4137 818 4218 longam
837 4140 978 4204 vocalem
990 4159 1091 4222 *saepe
1112 4142 1345 4204 consonantium
