2918 4806
366 327 374 346 Ι

303 546 456 616 scribendi
473 557 505 612 et
532 542 760 616 commentandi
787 539 946 607 materiam
966 539 1059 610 etiam
1084 559 1166 606 uunc
1191 539 1354 625 praebent
1451 505 1452 548 3

304 653 485 717 Innumeros
496 649 672 734 scriptores,
693 647 833 737 equibus
847 665 901 708 sua
916 642 1145 729 conquisiverit,
1166 639 1354 704 Athenaeus

306 752 572 831 commemoravit,
602 751 710 830 etita,
740 747 823 834 quod
851 746 949 812 voluit
975 745 1108 830 assequi,
1135 754 1169 806 ut
1193 742 1354 806 doctrinae

304 879 378 921 suae
390 857 559 918 immensae
571 852 691 938 copiam
705 850 834 937 posteris
844 851 995 936 probaret,
1016 868 1088 911 vere
1103 840 1238 933 perfecit.
1260 845 1353 925 „Nu-

257 979 263 984 '
303 979 423 1024 mertun
435 959 463 1022 si
475 955 542 1043 quis
557 954 634 1016 inire
645 955 774 1017 voluerit
787 950 995 1029 Auctorum,“
1016 951 1058 1012 ait
1071 948 1352 1028 Schweighaeuse-

189 1067 193 1076 ‘
303 1061 355 1126 rus
369 1063 463 1148 praef.
482 1080 514 1144 p.
534 1055 595 1120 IX.
617 1075 767 1142 „quomm
789 1052 939 1138 escriptis
958 1054 1041 1130 loca,
1062 1051 1202 1116 breviora
1221 1049 1352 1136 quidem

172 1153 177 1172 '
303 1167 413 1241 multa,
434 1159 490 1224 sed
512 1169 543 1222 et
559 1159 632 1222 satis
645 1161 737 1239 longa
751 1151 835 1219 haud
849 1175 963 1240 pauca,
984 1153 1017 1216 in
1030 1157 1090 1218 hoc
1105 1175 1198 1240 opere
1208 1154 1350 1232 citantun

304 1263 345 1330 ad
372 1263 559 1342 octingentos
579 1282 647 1324 esse
665 1258 859 1345 comperiet.“
906 1253 1014 1334 Quid?
1046 1255 1129 1342 quod
1152 1255 1221 1341 ipse
1241 1254 1279 1317 de
1312 1275 1351 1320 se

302 1363 457 1451 praedicat
484 1356 568 1445 „byei
591 1359 655 1445 γαρ
677 1357 742 1426 oria
765 1353 934 1442 ἀπήντησα
954 1361 1002 1444 σῷ
1024 1353 1181 1440 ὁράματι·
1209 1356 1350 1422 πλείονα

304 1467 374 1548 τῆς
408 1460 531 1547 μέσης
557 1460 760 1546 καλουμένας
792 1459 968 1546 κωμῳδίας
994 1453 1164 1543 ἀναγνοὺς
1194 1453 1350 1542 δράματα

303 1570 372 1634 cus
398 1559 603 1635 ὀκτακοσίων
630 1563 687 1630 καὶ
714 1558 844 1629 τούτων
872 1557 1009 1644 ἐκλογὰς
1034 1557 1268 1644 ποιησάμενος,
1302 1555 1349 1626 od

302 1665 495 1753 περιέτυχον
516 1670 562 1754 τῷ
579 1661 925 1750 Ἀσωτοδιδασκάλῳ·
967 1665 1052 1726 Haec
1068 1685 1142 1728 sane
1161 1667 1226 1726 tere
1244 1666 1349 1727 incre-

303 1770 403 1844 dibilis
427 1770 580 1852 diligentia
596 1792 740 1850 magnam
752 1768 875 1832 laudem
889 1767 955 1831 viro
973 1779 1004 1829 et
1016 1765 1245 1830 admirationem
1259 1767 1350 1854 spurl

302 1895 412 1942 omnes
424 1885 563 1960 posteros
578 1875 734 1937 contraxit.
776 1872 815 1934 Et
828 1870 899 1957 quid
916 1870 1059 1932 homines
1080 1871 1220 1954 aequales
1236 1890 1349 1933 sense-

301 1978 375 2056 rint,
399 1997 439 2040 ex
455 1974 588 2040 Aeliano
606 1979 717 2063 poterit
736 1973 896 2054 cognosci,
917 1973 968 2057 qui
988 1975 1089 2058 paullo
1108 1983 1179 2058 post
1193 1972 1258 2037 libri
1272 1970 1349 2034 edi-

300 2078 433 2155 tionem,
455 2079 537 2142 nulla
550 2079 615 2141 eius
628 2080 785 2142 mentione
807 2079 900 2154 facta,
922 2075 1050 2159 plurima
1076 2095 1166 2138 exeo
1186 2075 1219 2136 in
1231 2073 1348 2137 Varias

301 2199 371 2242 suas
384 2179 524 2242 historias
536 2181 692 2241 transtulit.
709 2179 887 2258 Schweigh.
898 2179 993 2262 praef.
1007 2197 1037 2262 p.
1054 2173 1145 2240 XVI·
1165 2175 1271 2261 Neque
1282 2197 1348 2241 nos
1451 2193 1452 2222 t

301 2280 332 2342 ei
351 2281 431 2342 hanc
448 2277 572 2342 laudem
592 2281 729 2345 minuere
751 2297 924 2366 possumus.
967 2277 1114 2342 Attamen
1133 2279 1159 2342 si
1180 2278 1346 2360 contendo,

300 2383 413 2458 marita,
433 2380 531 2447 immo
548 2385 696 2468 permulta
707 2395 846 2449 veterum
858 2382 1035 2467 scriptonun
1047 2383 1129 2460 loca,
1144 2377 1347 2446 Athenaeum

301 2503 365 2548 non
383 2483 493 2562 legisse
512 2483 614 2569 ipsum
635 2483 674 2548 et'
686 2476 886 2572 excerpsisse,
906 2481 962 2547 sed
981 2485 1019 2546 ab
1039 2483 1105 2546 aliis
1117 2494 1258 2564 congesta
1271 2505 1346 2570 rep-

300 2585 414 2672 perisse
433 2595 464 2648 et
480 2584 513 2652 in
534 2606 626 2650 suum
640 2588 752 2652 librum
770 2587 972 2650 transmlisse:
1001 2607 1101 2670 neque
1120 2586 1221 2650 virum
1238 2586 1345 2672 ipsum

299 2684 333 2750 id
346 2695 490 2770 tanquam
501 2684 668 2752 admissum
685 2693 799 2754 crimen
811 2692 980 2771 fugientem
993 2689 1129 2766 habebo,
1150 2709 1250 2774 neque
1263 2690 1345 2753 alios

299 2788 454 2852 nanciscar
466 2785 664 2874 adversarios.
706 2791 787 2856 Nam
804 2791 871 2878 ipse
886 2789 1079 2876 scriptoribus
1092 2791 1231 2852 omnium
1247 2812 1345 2872 gene-

298 2909 367 2951 rum
386 2888 513 2952 laudatis
530 2891 647 2954 samam
667 2894 878 2980 honoremque
898 2893 956 2957 sibi
974 2891 1101 2979 parandi
1118 2891 1343 2978 cupidissimus,

299 2991 381 3052 hunc
395 3001 537 3052 conatum
559 3015 649 3055 suum
663 3017 763 3080 neque
783 2996 870 3058 fateri
887 3017 950 3059 non
964 2998 1063 3074 volet,
1082 3018 1182 3081 neque
1196 3018 1343 3060 excusare

298 3088 444 3168 studebit,
465 3089 521 3154 sed
533 3095 694 3156 celebrabit
704 3097 805 3181 potius
816 3098 1023 3172 vehementer.

354 3193 358 3200 '
383 3190 451 3254 Iam
462 3211 557 3278 quum
566 3213 711 3275 magnam
724 3199 788 3260 eius
801 3197 869 3261 libri
886 3211 1004 3285 partem
1018 3199 1215 3280 singularium
1226 3221 1341 3265 vocum
1448 3273 1449 3299 ¹

250 3365 252 3368 ¹
298 3293 448 3381 expositio
473 3297 626 3375 absumat,
655 3301 707 3362 cir.
729 3297 906 3382 Schweigh.
927 3303 1023 3388 praef.
1051 3323 1081 3387 p.
1099 3301 1195 3382 XIII,
1222 3301 1341 3390 praeci-

296 3417 392 3483 puum
402 3397 481 3459 mter
492 3397 558 3461 eius
568 3401 669 3464 fontes
681 3403 784 3464 locum
799 3404 1005 3494 lexicographi
1025 3415 1185 3490 occupant,
1208 3425 1340 3491 quotum

294 3499 362 3584 ipse
376 3519 520 3578 magnam
538 3503 658 3586 copiam
671 3505 855 3585 nominavit,
875 3509 926 3568 cfr.
939 3504 1028 3570 lndd.
1044 3504 1221 3588 Schweigh.
1235 3507 1339 3572 Tituli,

296 3619 384 3662 ew.
408 3596 508 3678 λέξεις
529 3613 560 3665 et
573 3607 732 3686 γλῶσσαι,
754 3619 829 3672 tom.
848 3608 909 3688 lx,
930 3630 961 3694 p.
982 3606 1055 3674 234.
1077 3618 1109 3670 et
1129 3608 1201 3674 253.
1245 3606 1340 3689 Quae

296 3695 337 3760 de
357 3696 517 3786 Pamphilo
538 3705 772 3794 disputavimus,
795 3713 872 3774 clare
887 3711 921 3774 id
938 3711 1157 3776 demonstrant,
1198 3711 1339 3776 Maxima

294 3808 398 3862 temen
420 3822 527 3867 eorum
546 3829 616 3894 pars
636 3832 730 3896 quum
748 3813 861 3876 omissa
880 3814 935 3893 sit,
957 3831 1018 3900 quo
1030 3813 1127 3876 modo
1147 3812 1186 3874 iis
1198 3813 1338 3877 sontibus
1446 3889 1447 3911 χ

293 3920 367 3966 ustis
384 3903 489 3984 fuerit,
516 3919 546 3970 et
563 3923 709 3995 quantem
720 3914 768 3978 sui
787 3915 887 4001 operis
906 3927 1025 4002 partem
1043 3912 1082 3982 ab
1101 3915 1161 3984 illis
1177 3913 1338 4002 acceperit,

291 4003 449 4090 explorate
469 4003 664 4080 difficillimus
684 4025 730 4079 est
756 4025 891 4080 conatus
939 4016 987 4090 Eo
1005 4017 1179 4102 Qatnu
1203 4017 1338 4098 mula.

288 4124 554 4194 moneamus.
574 4114 620 4189 at
636 4120 776 4204 aaut
798 4120 968 4206 baum
982 4121 1143 4190 sauma
1186 4121 1275 4188 aaa
1289 4123 1337 4184 os
1445 4159 1446 4218 ,
