2894 4816
968 363 972 370 .

1026 409 1031 420 Ι
1084 367 1128 430 4⁰

1115 431 1130 448 a!

82 519 191 606 quidni
205 521 374 605 Dionysius
391 523 508 611 potuit,
530 523 690 592 occasione
709 523 792 607 data,
812 524 907 592 Siculi
928 553 1049 620 quoque
1061 559 1126 604 cer.

81 625 206 688 tarninis
227 620 419 708 ‚suanam
434 626 511 690 dicti
524 628 714 690 mentionem
730 629 876 696 iniicere?
897 631 952 698 An
973 639 1057 702 aliud
1066 663 1126 704 no-

81 748 158 790 men
171 737 217 790 est
238 727 465 812 reponendum,
486 739 519 792 ut
534 727 702 830 Elpidiani,
725 732 808 796 errius
831 735 941 798 librum
957 735 1034 821 περὶ
1055 736 1127 824 ἑορ-

81 830 153 894 soiv
172 827 304 892 loannes
320 829 424 912 Lydus
445 829 507 911 lv,
528 854 559 918 p.
575 832 625 898 59.
639 831 811 904 nudante„
830 836 887 900 His
900 837 1010 902 similia
1026 842 1125 923 igitur,

82 952 148 993 non
166 949 234 992 raro
258 933 354 1010 facte,
376 933 414 996 iis
437 955 559 1020 quoque
577 933 749 997 acciderunt
768 938 913 1016 fortasse,
938 961 1015 1025 quos
1038 956 1127 1008 antea

81 1045 175 1096 testes
193 1031 332 1119 produxi.
375 1032 507 1098 Accedit
529 1047 632 1100 autem
650 1037 812 1100 nominum
831 1037 981 1120 Diogenis
1000 1055 1031 1106 et
1047 1034 1128 1117 Dio-

82 1135 207 1216 geniani
220 1137 427 1200 commutatio.
470 1136 551 1202 Nam
569 1149 604 1200 ut
621 1137 810 1202 ostendimus
824 1152 928 1221 antea,
949 1143 983 1206 in
996 1143 1127 1227 Etymo-

82 1238 184 1317 logico
197 1236 328 1317 Magno,
349 1237 446 1300 modo
465 1236 505 1301 de
522 1238 680 1321 Diogene,
701 1240 797 1304 modo
820 1240 859 1304 de
871 1240 1065 1326 Diogeniano
1078 1237 1141 1312 di·-¹

84 1339 173 1420 circu,
195 1340 237 1400 ita
255 1338 338 1425 apud
358 1339 486 1403 Suidam
505 1362 533 1405 s.
551 1364 582 1407 v.
602 1341 765 1427 Διογένης
788 1344 917 1423 legimus
937 1337 1129 1434 „Acopivqe

83 1436 104 1524 ἢ
125 1436 361 1524 Διογενειανός
381 1439 565 1526 Κυζικηνὸς
584 1438 828 1530 conspuendo
850 1457 881 1510 et
898 1468 947 1536 ap.
970 1449 1129 1533 Tzetzam'

84 1545 137 1630 qui
157 1545 278 1628 reliquis
297 1544 438 1606 omnibus
460 1541 621 1630 Διογένης
642 1543 802 1627 Acinetos
828 1547 930 1631 audit,
954 1545 1127 1637 Ascysoui·

84 1643 146 1724 νός
174 1649 355 1733 appelleon,
392 1649 444 1710 cfr.
464 1646 586 1728 Menag.
614 1648 655 1711 ad
681 1649 773 1731 Diog.
794 1651 892 1715 Laert.
916 1651 948 1732 1,
971 1661 1006 1720 .1.
1055 1643 1128 1722 Erat

84 1762 256 1842 praeterea,
285 1769 379 1834 quum
407 1749 604 1829 coniicerem,
638 1751 767 1816 Suidam
790 1755 834 1816 ibi
847 1776 983 1839 quoque,
1006 1758 1059 1820 ubi
1088 1757 1128 1822 de

85 1864 190 1918 nostro
202 1851 341 1936 loqrriurr,
360 1852 515 1938 scripsisse
535 1849 753 1946 „Asoylgqee'i
765 1849 1028 1939 Acopwsccvdcf‘
1047 1857 1129 1922 Nam

86 1978 180 2044 quum
202 1953 330 2034 Suidas,
356 1966 390 2017 ut
408 1957 563 2036 cognitum
586 1967 647 2036 est,
670 1969 808 2021 accurate
829 1959 994 2024 littera'rcrm
1017 1962 1129 2026 seriem

85 2070 241 2146 sequatur:
265 2079 331 2119 non
341 2058 440 2143 potuit
454 2059 496 2120 ita
508 2080 600 2124 voces
616 2060 649 2122 in
667 2060 807 2126 ordinem
825 2061 962 2143 digerere
988 2057 1129 2146 „Ascyl-

86 2177 162 2244 γης·
205 2152 443 2242 εὐγενέστατοι.
501 2158 755 2244 Διογενειανός,
777 2147 957 2250 'limium
1007 2164 1128 2230 Tamen

86 2263 207 2327 Bastius
220 2262 423 2326 coniecturam
441 2263 535 2326 talem
552 2267 708 2351 repressit,
731 2267 782 2352 qui
797 2289 836 2330 ex
847 2265 956 2330 ‚codice
968 2265 1129 2333 Parisiensi

87 2360 283 2448 „Amoen-
305 2355 563 2445 εὐγενέστατονιι
591 2368 735 2432 enotavit.
781 2365 845 2430 Sed
862 2369 904 2430 ita
926 2389 1045 2456 quoque
1065 2351 1128 2432 non

86 2467 254 2532 necessarie
269 2467 325 2528 erit
339 2465 448 2530 Kiddii
463 2467 610 2546 mutatio,
634 2469 686 2552 qui
706 2469 908 2547 lenissimam,
930 2480 965 2532 ut
983 2471 1040 2548 ait,
1061 2491 1130 2534 me·

88 2570 189 2634 delam
202 2567 399 2632 admovendo
414 2563 633 2650 Διογενιανός
652 2571 778 2632 restituit
798 2568 839 2632 cd
848 2555 1081 2647 Ruhnkenicna,
1096 2591 1128 2653 p.

87 2678 159 2738 203.
174 2671 223 2735 ed.
239 2670 391 2734 Friedem.
434 2672 555 2736 Heinsii
574 2683 677 2736 autem
697 2693 794 2750 error,
817 2672 869 2756 qui
881 2672 1039 2734 Hicesium
1049 2665 1131 2732 Dio-

87 2797 199 2856 genem
221 2774 265 2837 ibi
285 2767 464 2860 ponendum
488 2796 556 2840 esse
575 2785 746 2852 censuerat,
767 2795 832 2836 non
849 2776 918 2836 solo
940 2784 987 2838 est
1003 2794 1042 2838 ex
1055 2759 1132 2853 Ειγ-
1241 2793 1244 2800 “

87 2878 241 2957 mologico
254 2889 409 2962 sumptus,
430 2877 487 2942 sed
506 2899 545 2939 ex
558 2875 653 2940 Suida
667 2877 774 2954 etiam,
797 2877 848 2960 qui
860 2875 1054 2955 Diogenem,
1072 2873 1132 2938 Hi-

87 2982 162 3044 cesii
172 2981 277 3059 filium,
295 2981 392 3058 novit,
414 2984 465 3043 cfr.
483 2979 576 3059 Diog.
591 2979 689 3042 Laert.
702 2977 759 3058 vl,
780 2962 832 3044 20.
869 2977 967 3042 Haud
978 2976 1132 3044 immerito

86 3084 194 3164 igitur,
216 3081 287 3164 vitia
295 3082 450 3146 interdum
464 3079 532 3148 esee
548 3084 580 3144 in
601 3080 755 3157 laudando
767 3079 951 3162 Diogeniani
964 3082 1062 3144 lexico
1076 3076 1132 3142 ad-

87 3185 196 3262 missa,
226 3187 422 3270 suspicamur.
472 3185 725 3254 Haecuniverse
751 3183 830 3272 dicta
858 3205 939 3266 nunc
963 3183 1131 3262 sullicient3

88 3285 280 3350 redeundum
292 3299 338 3350 est
350 3287 390 3350 ad
402 3289 600 3370 Hesychium.

173 3387 224 3451 Ac
244 3389 377 3472 primum
399 3389 536 3474 quidem,
564 3392 709 3474 quoniam
732 3393 765 3454 in
786 3389 927 3453 omnibus
947 3381 1134 3464 Hesychiani
1236 3457 1238 3462 s

89 3492 180 3556 lexici
207 3492 342 3578 partibus
356 3489 602 3569 ‚Diogeniancas
624 3497 740 3573 glossas
765 3490 953 3565 invenimus,
986 3485 1058 3569 quin
1082 3484 1133 3544 ille

34 3651 41 3669 ,
91 3595 195 3658 omnia
212 3592 343 3655 voluerit
362 3589 547 3672 describere,
569 3616 634 3656 non
651 3593 851 3657 dubitandum
874 3601 928 3652 est.
970 3585 1134 3650 Iniustissi-
1177 3633 1182 3644 ,

91 3719 178 3760 mum
199 3705 302 3757 autem
321 3696 401 3764 foret
418 3694 547 3774 facinus,
570 3697 784 3781 sipropterea,
806 3690 888 3779 quod
904 3692 1064 3753 nonnullas
1077 3702 1135 3752 vu-

93 3821 142 3862 ces
160 3798 386 3885 praetennissas
404 3819 471 3861 csse
489 3798 637 3878 vidimus,
664 3799 754 3862 lexici
779 3793 967 3878 conditorem
985 3789 1136 3854 mendacii

92 3899 264 3984 fraudisque
280 3921 419 3964 accusare
438 3903 596 3966 vellemus.
639 3899 725 3981 Quid
744 3899 856 3981 igitur?
880 3917 955 3961 num
975 3896 1039 3957 iam
1056 3891 1136 3954 Dio-

94 4004 214 4083 geniani
234 4021 323 4064 causa
345 4003 384 4065 ad
405 4005 560 4090 epitomen
580 4005 670 4068 lexici
686 4001 888 4084 Hesychiani,
910 4000 949 4062 ab
970 3997 1036 4059 aliis
1057 3990 1137 4053 divi·

95 4117 209 4185 natam,
244 4101 406 4186 confugero¹
433 4107 591 4187 cogimur?
624 4105 776 4191 Equidem
809 4105 868 4168 nisi
897 4099 1016 4180 egregie
1040 4093 1137 4169 fallor,

908 4205 929 4265 4
