2894 4816
271 539 313 580 no
327 514 368 579 ad
381 515 513 594 maiora,
541 535 599 577 nec
618 534 636 577 a
657 533 810 602 quoquam
832 499 988 599 hucusque
1003 510 1160 600 explicata.
1202 508 1316 574 Narra-

270 630 318 681 tur
340 618 424 680 enim
445 620 483 684 ab
504 617 675 699 Hesychio‚
698 617 924 698 Diogeniamun
946 635 1093 696 magnum
1104 612 1226 676 lexicon
1238 610 1316 674 scri-

160 719 168 730 ’
272 723 382 806 panse,
412 721 592 806 titulumque
611 721 695 784 libris
714 721 840 799 singulis
859 717 1059 805 imposuisse:
1095 706 1316 795 Περιεργοπὲ·

272 843 381 906 aeques,
403 844 480 907 quae
499 845 562 887 vox
581 824 613 884 in
634 824 718 884 nullo
738 823 798 883 alio
821 821 897 883 libro
920 821 1073 907 reperitur.
1115 815 1180 878 En!
1203 816 1316 877 miram

273 924 354 1011 apud
366 927 446 986 hunc
461 947 581 1010 quoque
594 923 795 1011 inscriptionis
812 924 1002 1000 felicitatem,
1025 943 1116 1006 quam
1134 919 1224 982 Plinii
1239 915 1316 981 Gel-

271 1030 363 1113 liique
383 1029 530 1114 exemplis
552 1027 664 1092 addere
683 1049 855 1114 possumus.
898 1024 1067 1090 Videamus
1090 1032 1209 1099 autem,
1239 1041 1316 1105 qua-

194 1165 201 1178 ·
272 1133 335 1192 lem
354 1131 583 1216 lexicographus
604 1151 728 1208 graecae
748 1130 833 1194 vocis
854 1131 977 1214 eiusque
996 1121 1105 1190 novitii
1130 1121 1316 1186 Graecanun

273 1231 430 1294 Musarum
450 1233 549 1317 operis
570 1233 762 1314 interpretem
779 1254 847 1296 sese
868 1232 1001 1313 gesserit.
1053 1221 1195 1308 „myrto
1218 1220 1315 1306 γοὶρ,“

271 1334 328 1411 ait,
359 1326 487 1428 „olpoq
514 1328 559 1418 μή
579 1327 696 1417 μόνοις
715 1335 819 1418 [τοῖς]
842 1333 1027 1412 πλουσίοις,
1056 1325 1140 1402 ἀλλὰ
1165 1328 1315 1406 καὶτοῖς

227 1487 234 1504 .
274 1432 391 1519 πένησι
417 1439 484 1501 τῶν
511 1429 713 1518 ἀνθρώπων
729 1433 959 1523 χρησιμεύσειν
984 1456 1019 1500 ιε
1040 1434 1096 1500 καὶ
1126 1429 1198 1500 ἀντὶ
1221 1435 1316 1500 διδα-

275 1535 406 1604 σκάλων
436 1535 587 1623 ἀρκέσειν
608 1531 709 1617 αὐτὰ,
747 1538 776 1602 εἰ
796 1534 904 1622 μόνον
928 1531 1316 1621 περιεργασάμενοι

217 1650 220 1655 “
273 1636 481 1726 πανταχόθεν
503 1634 654 1722 ἀνευρεῖν
674 1642 780 1705 ταῦτα
800 1642 976 1726 δυνηθεῖεν
995 1637 1050 1706 uui
1071 1635 1238 1733 ἐγκρατεῖς
1257 1631 1315 1702 αὐ-

273 1747 340 1810 τῶν
360 1741 544 1829 γενέσθαι.“
598 1745 683 1805 Haec
704 1747 798 1810 verba
824 1743 1059 1830 quotiescunque
1077 1745 1164 1823 lego,
1195 1763 1318 1827 semper

272 1847 366 1911 redeo
379 1849 530 1912 incertior.
573 1844 660 1928 Quid
672 1848 757 1910 enim
768 1848 827 1930 sibi
839 1849 906 1912 vult
918 1847 1038 1912 homo?
1071 1843 1231 1924 Quaenam
1243 1856 1318 1906 sunt

273 1952 339 2032 iiia,
362 1975 439 2039 quae
451 1953 597 2038 reperire,
622 1963 653 2013 et
666 1973 795 2036 quorum
815 1962 972 2036 compotes
987 1949 1053 2010 fieri
1064 1969 1156 2034 posse
1167 1967 1316 2033 pauperes

274 2057 399 2120 censet?
442 2052 532 2132 Quae
548 2065 594 2117 est
607 2054 693 2116 notio
707 2056 803 2115 verbo
816 2048 1086 2135 περιεργάζεσθαι
1102 2053 1140 2112 ab
1158 2041 1316 2131 Hesychio

273 2157 495 2220 hiosubiecta?
537 2155 698 2218 Adeamus
716 2156 805 2234 igitur
817 2154 995 2233 Alternum,
1017 2167 1215 2240 petamusque
1224 2154 1317 2214 'auxi-

273 2259 314 2320 liu
334 2261 373 2320 ab
398 2259 452 2320 illo
479 2269 591 2343 parata.
656 2258 763 2320 Latine
789 2257 921 2320 reddidit
946 2257 1099 2342 scriptoris
1116 2249 1254 2320 mentem
1272 2257 1316 2318 ita

274 2359 377 2446 „quod
389 2361 581 2440 existimaret,
595 2382 660 2423 non
672 2359 816 2425 divitibus
828 2360 911 2439 eolis,
925 2357 981 2422 sed
993 2369 1025 2421 et
1030 2356 1241 2444 puaperibus
1256 2360 1317 2419 ho-

273 2463 406 2525 minibus
418 2463 614 2525 inservituros
636 2485 705 2543 eos,
728 2475 760 2540 et
771 2461 1000 2549 praeceptorum
1019 2462 1088 2525 vice
1103 2464 1220 2523 futinus
1233 2462 1316 2540 satis,

274 2563 349 2628 dum
362 2564 459 2644 modo
475 2565 602 2630 curiose
613 2559 669 2630 eos
680 2565 814 2652 undique
829 2559 1031 2652 conquisitae
1043 2563 1181 2650 reperire,
1193 2585 1317 2626 eonon-

273 2689 332 2753 que
353 2658 510 2754 compotes
529 2667 595 2730 fieri
613 2669 767 2755 possent.“
814 2653 924 2732 Ταῦτα
943 2668 1033 2748 igitur
1051 2680 1082 2729 et
1096 2660 1209 2732 αὐτοῖν
1224 2666 1264 2728 ad
1278 2668 1317 2730 li-

273 2772 345 2834 bros
358 2771 441 2857 ipsos
454 2772 558 2852 traxit3
580 2793 657 2856 quos
676 2771 702 2834 si
716 2769 849 2854 undique
873 2771 1051 2855 conquirunt
1062 2791 1210 2856 pauperes
1225 2782 1256 2833 et
1267 2793 1317 2832 re-

273 2872 405 2957 periunt,
429 2875 512 2935 nullo
525 2873 662 2954 indigent
672 2884 876 2959 praeceptore.
920 2870 964 2934 At
975 2873 1077 2958 quaeri
1088 2883 1189 2958 potest
1202 2871 1244 2936 de
1257 2895 1316 2935 no-

272 2972 358 3034 tione
372 2975 458 3036 vocis
473 2971 758 3058 περιεργάζεσθαι,
781 2975 965 3060 conquirere,
985 2976 1038 3037 ubi
1051 2975 1238 3066 reperiauu?
1258 2998 1316 3036 un-

190 3086 196 3096 ’
274 3073 314 3136 de
330 3075 463 3140 oriatru?
504 3075 545 3138 Et
565 3076 637 3162 quid
656 3077 715 3140 sibi
732 3078 807 3139 velit
826 3076 901 3138 illud
919 3073 1093 3164 reperire?
1112 3075 1229 3139 dictum
1242 3099 1315 3164 pro:

275 3197 450 3262 comparare
463 3179 538 3255 sibi,
560 3180 734 3262 acquirere?
777 3177 832 3240 An
846 3179 988 3266 equidem
1000 3177 1316 3242 Albertisententiam
1427 3245 1428 3250 ,

273 3280 355 3341 male
365 3280 524 3361 intelligo?
538 3279 893 3368 Eteniminnotispaullo
901 3285 986 3346 aliter
996 3303 1063 3344 rem
1074 3276 1315 3368 interpreterivi·
1426 3253 1428 3380 Ι

273 3380 369 3446 detur.
391 3382 533 3461 „Vocem
544 3385 773 3470 compositam,“
793 3385 898 3471 inquit,
920 3385 1314 3466 ‚Diogenianuse'xcogita-

273 3485 332 3561 vit,
354 3496 388 3546 ut
409 3486 476 3572 ipso
496 3488 583 3550 titulo
597 3487 822 3574 properium
843 3489 936 3550 etiam
957 3485 1086 3550 curiose
1109 3485 1214 3548 omnia
1226 3486 1314 3550 inve-

273 3585 417 3664 stigantes
431 3591 491 3651 hoc
511 3591 589 3655 libro
604 3613 674 3652 cum
687 3591 848 3654 fructuuti
860 3612 953 3677 posse
965 3587 1119 3652 indicaret.
1143 3628 1183 3640 -
1207 3588 1313 3653 Curio-

273 3689 378 3765 segcni
392 3688 480 3752 reddi
493 3696 571 3757 forte
582 3703 701 3780 posset,
722 3698 773 3759 vel
790 3692 1051 3773 curiosegenilegi,
1072 3713 1151 3756 voce
1163 3689 1204 3754 ad
1218 3687 1313 3756 Grae-

275 3807 343 3850 cam
357 3789 499 3857 conficta:
521 3799 661 3880 quamvis
675 3798 766 3859 latine
780 3819 844 3867 non
857 3817 953 3882 aeque
966 3793 1130 3858 commode
1143 3817 1206 3857 uno
1220 3810 1312 3859 ¹voca-

272 3893 345 3954 bulo
361 3893 490 3978 exprimi
502 3901 625 3980 queat.“
667 3898 734 3961 Iam
748 3899 831 3962 enim
843 3919 990 3984 pauperes
1005 3919 1071 3960 non
1081 3898 1175 3960 libros
1189 3898 1310 3983 conqui-

272 4005 342 4088 runt
356 3996 499 4082 amplius,
521 3999 577 4060 sed
591 3998 710 4064 omnia
728 4000 946 4086 investigant.
962 4029 965 4034 ·
989 4000 1139 4064 Nimirtnn
1152 4001 1186 4062 in
1197 4000 1309 4065 versio-

272 4119 313 4158 ne
331 4109 417 4163 totus
434 4099 473 4162 ab
493 4099 640 4182 Hesychii
658 4103 760 4167 verbis
779 4101 948 4190 pendebet3
969 4103 1001 4166 in
1023 4115 1095 4166 nota
1104 4089 1228 4181 autem,
1249 4105 1308 4162 for·
