2894 4816
1133 382 1176 443 ⁸-

107 538 205 604 iudex
213 538 429 628 peritissimus,
445 537 503 625 ,qui
517 536 704 622 Hesychiani
722 539 811 605 lexici
823 543 941 606 nouam
950 563 1023 608 sese
1033 545 1155 632 parmu-
1246 583 1249 592 ,

107 665 181 708 rum
190 664 258 705 esse
271 641 439 705 editionem
452 644 576 728 publice·
588 641 738 729 pollicitus
753 651 812 722 est,
835 643 938 712 onnia
960 639 1088 710 fortasse
1102 671 1156 710 cn·

109 745 187 808 dicis
206 747 290 812 bona
306 741 453 824 recludet,
474 757 505 808 et
524 745 565 807 lta
585 745 736 830 perficiet,
757 743 840 831 quod
854 743 974 825 Bastio,
995 749 1155 814 immatura

108 846 312 912 moneberis
327 845 432 910 litteris
446 858 550 933 erepto
563 869 628 910 non
640 848 733 910 licuit.

196 947 242 1012 At
260 946 489 1034 quantacunque
504 947 578 1012 inde
599 949 631 1011 in
653 947 885 1032 Hesychianum
903 947 1023 1013 lexicon
1043 975 1155 1038 prove,

106 1074 183 1122 nere
202 1048 383 1115 commoda:
412 1049 490 1112 nihil
515 1063 667 1138 repertcnn
684 1062 744 1130 est,
762 1049 850 1135 ‘quod
867 1053 1008 1116 tenebras
1031 1057 1155 1140 pelleret

107 1155 344 1240 discuteretque,
372 1172 450 1236 quae
470 1155 509 1216 ab
534 1153 622 1216 initio
651 1153 753 1216 statim
780 1153 924 1216 historiae
951 1154 1017 1224 eius
1038 1159 1155 1221 offusae

106 1257 239 1317 fuerant.
279 1254 347 1328 Iam
374 1253 427 1316 diu
449 1254 534 1318 enim
564 1255 705 1319 manibus
734 1258 880 1319 tenebant
903 1254 1013 1318 emditi
1033 1260 1154 1323 lexicon

106 1355 367 1436 laudatissimum,
388 1379 488 1442 neque
504 1368 610 1420 tamen
624 1378 643 1420 a
659 1359 741 1444 quali
758 1368 880 1421 aucttu'e
893 1356 1065 1440 conditum,
1087 1363 1154 1447 qui-

105 1459 227 1545 busque
246 1460 440 1524 extantibus
468 1470 499 1521 et
519 1481 579 1545 quo
602 1460 728 1523 consilio
744 1471 882 1547 paratum
901 1471 990 1542 esset,
1009 1463 1152 1526 sciebant.

104 1557 190 1640 Quis
209 1561 292 1624 enim
312 1563 351 1625 sit
373 1563 426 1625 ille
446 1563 634 1646 Hesychius,
665 1563 750 1626 cuius
770 1583 887 1626 nomen
905 1562 983 1625 h'be'r
997 1563 1031 1624 in
1053 1567 1154 1628 hante

107 1662 200 1744 gerit,
228 1663 350 1750 quando
378 1663 546 1750 scripserit,
577 1664 713 1751 quaesit
735 1664 800 1727 eius
821 1649 904 1728 fides
924 1675 954 1726 et
977 1666 1153 1746 auctoritas3

106 1787 184 1852 quas
196 1778 296 1852 partes
311 1767 412 1854 operis
426 1769 465 1830 ab
487 1766 554 1830 aliis
574 1767 736 1851 acceperit,
758 1765 947 1832 addideritve
961 1765 1001 1830 de
1015 1769 1093 1833 suis:
1114 1768 1154 1832 de

106 1868 159 1931 his
174 1867 336 1954 multisque
348 1869 414 1932 aliis
430 1871 521 1932 rebus
534 1868 611 1932 scitu
627 1867 811 1949 dignissimis
831 1879 862 1930 et
871 1869 1042 1932 necessario
1060 1888 1154 1954 quae-

105 1970 210 2036 rendis
231 1973 339 2034 muna
359 1971 511 2034 editorum
535 1981 566 2033 ct
583 1971 779 2056 interpretum
798 1971 948 2058 principes
960 1971 1154 2037 consulimus.

8 2063 10 2100 ³
105 2071 155 2136 At
165 2077 338 2159 quanquam
350 2095 390 2138 ex
402 2072 531 2158 antiquis
544 2073 661 2134 nemini
679 2073 801 2136 lexicon
815 2073 964 2158 Hesychii
981 2071 1064 2159 quod
1076 2074 1155 2136 scia-

105 2197 194 2255 mus,
215 2177 316 2240 mum
331 2187 391 2254 est,
412 2173 504 2260 idque
516 2195 578 2237 uno
590 2185 708 2236 tantum
721 2197 761 2238 ex
773 2173 880 2238 codice
895 2175 1039 2255 innotuit,
1062 2197 1154 2262 quern

105 2299 206 2340 unum
220 2299 303 2357 esse,
326 2279 378 2364 qui
397 2278 488 2364 primi
506 2275 719 2362 posidebunt,
738 2275 961 2359 cognoverant3
983 2298 1154 2364 quanquam

105 2381 198 2463 igitur
208 2380 363 2450 maximae
378 2371 581 2444 dubitationes
589 2379 727 2442 omnium
741 2378 911 2442 cn'ticomrn
924 2377 1023 2442 studia
1037 2378 1154 2442 adrem

9 2517 10 2532 t
107 2483 329 2548 enucleandam
346 2485 515 2570 provocare
537 2481 723 2560 debuerunt3
753 2491 857 2543 tamen
879 2481 1016 2568 plerique
1035 2476 1153 2545 autvillo

106 2587 175 2676 ipso
189 2599 328 2652 veterum
338 2586 458 2649 silentio
474 2584 622 2646 commoti
634 2584 721 2646 omni
735 2585 780 2646 rei
793 2581 1003 2668 disquisitione
1013 2604 1155 2668 superse*-

106 2690 233 2771 demnt,
260 2710 407 2777 spemque
424 2685 537 2780 aliquid
556 2687 628 2750 certi
643 2683 814 2771 reperiendi
835 2683 1024 2763 abiecerunt3
1053 2693 1105 2744 aut
1128 2684 1155 2755 si

106 2815 174 2856 rem
196 2791 329 2874 aggressi
346 2802 448 2869 erant,
470 2795 546 2852 mox
567 2790 680 2852 infecta
703 2809 740 2850 ea
758 2798 809 2849 aut
821 2807 885 2848 non
906 2787 998 2872 longe
1013 2796 1154 2871 pmmota
1229 2779 1235 2790 ¹

106 2895 222 2960 reversi
240 2895 316 2958 nihil
333 2892 437 2974 magni
452 2893 672 2977 praestiterunt.
714 2887 760 2950 At
779 2889 836 2950 fuit
846 2886 921 2950 illud
933 2897 1071 2973 ternpus,
1092 2907 1154 2973 quo

11 3059 13 3086 ,
106 2997 130 3058 ii
150 2997 203 3082 qui
222 3019 291 3060 sese
314 2996 488 3079 philologos
506 2995 733 3080 nuncupabant,
754 2991 825 3053 licet
837 2989 996 3070 diligentes
1007 3001 1110 3053 essent
1125 3001 1156 3052 et

108 3098 214 3161 eximii
236 3099 352 3178 ingenii
369 3097 528 3176 homines,
553 3093 695 3160 socordia
716 3091 848 3180 quadarn
866 3093 933 3178 capi
952 3113 987 3156 se
1005 3091 1154 3170 sinebant,

106 3221 167 3287 qua
186 3199 304 3264 seducti
322 3202 484 3278 librorum,
512 3200 621 3286 quibus
641 3201 817 3276 ntehanutr,
839 3196 997 3260 historiam
1018 3193 1156 3274 neglige-

105 3305 190 3367 bant.
241 3301 349 3386 Neque
370 3305 429 3365 hac
445 3313 560 3379 aetate,
595 3321 655 3387 qua
678 3302 844 3363 litterarum
868 3295 1030 3386 splendore
1052 3294 1155 3356 omnia

106 3407 333 3481 collustrantur,
364 3402 488 3481 desunt,
516 3402 569 3488 qui
589 3404 784 3487 quaestiones
804 3400 843 3463 de
868 3401 1016 3463 librorum
1031 3395 1156 3485 orighd

105 3510 166 3570 bus
193 3523 299 3564 asese
318 3516 511 3582 removeant,
540 3503 689 3582 contenti,
723 3515 757 3566 ut
777 3503 878 3580 aium,
903 3497 986 3584 quod
1008 3499 1157 3560 habemus

106 3609 202 3672 libros
218 3613 249 3665 ct
264 3624 372 3666 oottun
388 3606 519 3668 lectione
539 3604 676 3666 fruimur.
718 3602 791 3682 (lua
802 3601 929 3688 quidem
946 3600 1093 3662 sententia
1107 3599 1157 3662 ni-

107 3709 152 3771 hil
170 3717 272 3794 potest
290 3709 342 3769 vel
364 3705 477 3785 levius,
499 3708 551 3770 vel
571 3690 770 3790 perniciosius
791 3725 877 3784 esse3
904 3703 979 3764 nihil
997 3703 1155 3788 philologo

108 3809 270 3892 indignius.
320 3808 428 3874 Exstat
449 3821 555 3872 minen
577 3807 758 3893 scriptorum
778 3827 887 3886 genus,
909 3803 992 3892 quod
1017 3814 1069 3866 aut
1089 3821 1156 3864 rano

109 3925 160 3977 aut
172 3933 329 3998 nimquam
347 3923 471 3978 naman
490 3923 554 3992 est,
582 3909 635 3996 qui
654 3919 806 3971 accuratas
827 3905 1049 3994 disquisitiones
1070 3901 1157 3968 insti*

108 4027 235 4081 merem.
279 4015 402 4101 Loquor
422 4013 462 4078 de
480 4014 536 4093 iis,
556 4012 610 4099 qui
628 4011 768 4097 antiquos
785 4009 946 4094 scriptores
968 4013 1158 4077 commentu-

108 4117 160 4183 n'is
174 4116 325 4206 explicere
344 4127 557 4204 susceperunt,
583 4109 623 4176 de
643 4113 845 4193 grammaticis
867 4122 898 4174 et
920 4102 1105 4190 solistimis,
1126 4111 1157 4162 et
1211 4119 1213 4123 ·

885 4214 903 4274 l
916 4209 930 4240 ᾖ

454 4353 486 4394 ‘'a'‘

452 4391 482 4502 q
639 4425 643 4432 .
