2918 4806
278 334 341 398 Μ

276 493 586 582 ‚,irntturuoiddqu“
612 495 746 559 scribens
773 491 814 558 de
840 504 931 578 satyr.
954 493 1060 558 Horat.
1083 493 1136 558 lih.
1155 493 1185 572 1,
1214 515 1245 579 p.
1271 498 1324 571 12,

275 615 354 668 certe
373 597 563 689 probabilem
586 601 720 662 formam
739 599 871 684 aliquam
895 596 1039 660 inducere
1065 597 1219 683 cupiebatt
1249 597 1322 681 quia

276 704 449 772 Gasauboni
469 697 633 785 tiammo
651 701 781 764 nimium
802 702 906 787 inepte
923 703 1053 763 formata
1068 721 1132 763 vox
1148 699 1320 764 videbatrrr.

275 808 338 874 Sed
352 827 460 870 omnes
478 805 512 866 hi
525 815 650 868 conatus
669 803 741 864 irriti
763 813 842 866 sunt.
876 801 966 866 ¹Num
980 804 1024 882 si,
1046 813 1080 864 ut
1093 801 1169 864 ordo
1186 804 1321 888 postulat

275 923 306 974 et
323 931 397 974 sana
415 929 503 972 mens
530 908 665 992 requirit,
693 927 765 966 cum
792 905 914 990 reliquie
941 905 1178 985 coniunguntur:
1214 903 1321 968 omnia

274 1023 468 1078 evanescunt.
518 1009 582 1073 Sub
602 1031 681 1072 voce
709 999 909 1085 „Momm
929 1008 974 1070 ibi
995 1019 1111 1093 reperta
1130 1029 1246 1069 nornen
1272 1009 1319 1067 la-

273 1129 337 1182 tero
351 1113 509 1176 cuiusdam
522 1114 627 1190 critici,
651 1113 715 1173 iam
726 1109 878 1172 Kusterns
899 1109 1076 1172 coniecerat.
1119 1107 1220 1172 Addo
1231 1110 1318 1194 equi-

274 1218 347 1282 dem
365 1219 444 1279 hanc
458 1235 578 1300 quoque
593 1233 704 1277 vocem
725 1208 924 1296 ,,διασάτηρ“
946 1224 1118 1298 corruptum
1132 1233 1199 1275 esse
1216 1231 1318 1292 grant·

273 1319 376 1392 melici
386 1338 517 1380 norneoz
539 1336 711 1401 quanquam
722 1337 787 1376 non
799 1327 864 1378 tam
880 1310 979 1377 audax
992 1336 1076 1392 sumt,
1098 1326 1132 1378 ut
1147 1313 1232 1400 quod
1242 1311 1317 1376 illud

272 1424 363 1488 nent
386 1421 534 1484 divinorn-
582 1416 777 1496 &miesco
798 1413 956 1493 Λάκωνες
975 1429 1098 1496 autent,
1117 1455 1156 1472 -η
1178 1414 1212 1478 id
1235 1425 1317 1476 certo

272 1525 377 1591 videre
398 1545 451 1585 me
471 1520 597 1584 arbitror
624 1555 658 1568 -
681 1528 727 1581 est
751 1517 792 1580 ad
810 1517 1000 1583 Artemidori
1018 1522 1114 1582 nostri
1134 1519 1316 1583 sententiaro

271 1623 475 1690 referendrun.
517 1622 602 1686 Nihil
611 1622 742 1708 amplius
755 1621 787 1682 in
802 1619 1027 1687 difficultatibus
1043 1623 1118 1702 loci,
1139 1623 1286 1683 hactenus
1297 1639 1316 1678 n

271 1733 356 1794 nullo
369 1729 567 1812 interpretum
577 1725 732 1810 superatis,
746 1726 876 1788 affirmo.
922 1725 1063 1790 Ceterum
1078 1726 1177 1788 obiter
1189 1743 1316 1798 monem

270 1829 433 1916 Hamippi
446 1847 569 1890 versum
582 1829 621 1890 ah
642 1827 804 1890 scholiasta
818 1830 959 1907 allatum,
988 1851 1043 1891 nec
1058 1831 1097 1890 sb
1110 1827 1246 1907 Reisigio
1261 1827 1281 1887 l.
1293 1827 1314 1886 l.

269 1957 303 2021 p.
323 1932 378 1998 55.
397 1930 618 2009 emendatum,
637 1929 715 1990 mihi
735 1932 774 1992 alr
802 1931 959 2013 Hesychio
985 1952 1010 1993 s.
1032 1951 1063 1993 v.
1089 1924 1315 1993 σαλακωνίωι

270 2037 465 2121 explanatum
482 2031 598 2095 videri:
629 2051 721 2115 quare
742 2031 884 2117 equidem
906 2025 1235 2113 σεσαλακωνισμένην
1257 2047 1313 2113 pro

271 2148 410 2220 corrupto
426 2125 706 2213 σεσαλὰκισμένην
722 2134 902 2219 scripserim.
923 2134 1078 2222 Perspicio
1090 2147 1204 2210 tamen,
1223 2151 1314 2216 quare

269 2238 421 2317 Reisigiirs
440 2236 473 2296 in
493 2235 555 2296 hoo
573 2236 740 2314 vocabulo,
764 2238 852 2320 quale
872 2237 906 2298 in
922 2237 1082 2323 Hennippi
1104 2238 1244 2298 versibus
1257 2255 1313 2320 ap-

268 2349 371 2426 paret,
390 2352 432 2402 σα
452 2339 603 2420 syllabam
616 2335 744 2422 produci
757 2337 916 2402 crediderit
925 2362 1027 2426 posse.
1042 2379 1081 2388 —
1104 2337 1195 2402 Alios
1212 2359 1312 2419 gram-

268 2441 412 2519 natine,
435 2441 486 2526 qui
499 2438 733 2502 Artemidorum
743 2451 852 2504 testem
866 2443 1006 2522 citarunt,
1026 2455 1201 2529 praetereo3
1223 2463 1312 2529 proe-

268 2545 372 2609 rernm
386 2566 481 2630 quum
494 2563 560 2605 non·
572 2565 696 2628 semper
705 2545 816 2610 librarii
828 2547 866 2606 ab
879 2545 960 2609 viriis
974 2547 1191 2624 abstinuerunt,
1212 2557 1247 2605 ut
1262 2567 1310 2630 op.

266 2647 401 2730 Etymot.
420 2645 489 2725 ild,
504 2647 554 2724 55,
576 2649 629 2708 cfr.
644 2643 729 2708 Bast.
742 2644 783 2707 ad
798 2643 888 2725 Greg.
905 2644 1040 2709 Corinth.
1055 2647 1309 2733 pseusennes.

351 2749 409 2812 His
422 2748 582 2833 expositis,
605 2746 799 2834 Parnphilrnn
819 2747 954 2812 vidimus
975 2748 1014 2811 de
1033 2748 1161 2812 dialecto
1181 2751 1311 2812 Laconi-

267 2873 303 2915 ca
321 2850 577 2937 Aristophanem,
600 2850 640 2914 de
659 2851 772 2912 Dorica
793 2849 1025 2916 Artemidorum
1044 2852 1259 2937 exscripsisse,
1282 2863 1311 2914 et

265 2954 380 3036 reliqua
403 2974 538 3036 quoque,
568 2975 645 3037 quae
670 2954 714 3016 illi
738 2955 925 3034 grarnrnatici
952 2953 991 3017 de
1019 2952 1144 3017 Graecis
1175 2953 1310 3018 dialectis

266 3053 459 3142 scripserant,
468 3055 501 3114 in
514 3075 604 3115 usum
612 3075 701 3115 suurn
713 3058 849 3118 vertisse.
872 3055 935 3119 Sed
942 3070 1095 3142 praeterea
1103 3069 1311 3120 memorantur

265 3152 432 3216 Athenaeo
444 3155 592 3234 pluium
603 3152 791 3217 Artemidori
806 3150 1036 3236 όψαρτυτικαὶ,
1059 3179 1134 3243 quas
1153 3181 1193 3221 ex
1208 3159 1309 3222 Athe-

264 3280 344 3326 naeo
357 3257 501 3339 cognovit
522 3255 647 3334 Suidas,
670 3261 723 3319 cil.
737 3256 854 3321 Athen.
877 3258 906 3339 I,
930 3259 959 3324 5.
982 3263 1013 3324 h.
1036 3259 1122 3324 Suid.
1137 3285 1169 3325 s.
1184 3285 1236 3327 vv.
1258 3265 1309 3327 tt-

264 3361 403 3450 puffdas
424 3351 724 3444 ethpuepidotpoe,
753 3381 863 3447 easque
883 3363 965 3450 ipsas
984 3385 1052 3426 esse
1070 3362 1233 3452 Pamphilo
1255 3389 1308 3428 en-

265 3479 395 3555 emptus,
418 3464 578 3530 ostendere
594 3464 691 3529 rideri
708 3465 806 3551 possit
819 3464 1000 3528 Athenaeus
1016 3464 1084 3543 IX,
1107 3469 1186 3544 378,
1210 3466 1247 3545 d,
1270 3467 1308 3529 de

264 3591 326 3656 quo
346 3571 415 3632 loco
438 3570 500 3631 iarn
517 3591 608 3655 supra
627 3567 812 3654 disputatum
838 3580 892 3630 ost.
944 3567 1180 3656 comparatione
1206 3581 1307 3632 autem

265 3671 503 3752 sumHesycbio
516 3673 667 3749 instituta,
690 3670 836 3748 devocc,
857 3672 965 3750 μῦμα,
987 3669 1104 3732 Athen.
1121 3668 1213 3748 XIV,
1236 3677 1306 3751 668,

264 3771 297 3836 d.
317 3783 350 3833 et
369 3765 511 3853 ματτύη,
540 3774 617 3834 mihi
637 3771 775 3857 quidem,
804 3770 837 3833 id
860 3773 976 3834 irritum
1001 3795 1083 3851 esse,
1113 3787 1306 3858 perspectum

263 3884 323 3938 een
361 3871 447 3934 Patet
460 3884 564 3935 contre
576 3897 614 3936 ex
627 3876 695 3960 ipso
708 3872 873 3936 Athenaeo
888 3875 1013 3959 aliisque
1025 3875 1100 3938 locis
1115 3878 1304 3960 comparetis,

262 3978 300 4040 in
315 3973 429 4058 glosm
447 3976 635 4060 opsertytiois
655 3967 851 4053 Erasneturn,
874 3975 1074 4070 antiquorem
1096 3975 1303 4058 Artemidoro,

263 4078 414 4168 Pamphili
426 4079 544 4140 fontem
556 4077 658 4142 luisse.
701 4075 910 4143 NarnAthen.
930 4077 989 4158 Ill,
1011 4083 1064 4144 88.
1089 4101 1113 4143 c.
1137 4076 1303 4160 ‚fumos
