<?xml version="1.0" encoding="UTF-8"?>
<!DOCTYPE html PUBLIC "-//W3C//DTD XHTML 1.0 Transitional//EN"
    "http://www.w3.org/TR/xhtml1/DTD/xhtml1-transitional.dtd">
<html xmlns="http://www.w3.org/1999/xhtml" xml:lang="en" lang="en">
 <head>
  <title>
</title>
<meta http-equiv="Content-Type" content="text/html;charset=utf-8" />
  <meta name='ocr-system' content='tesseract 3.04.00' />
  <meta name='ocr-capabilities' content='ocr_page ocr_carea ocr_par ocr_line ocrx_word'/>
</head>
<body>
  <div class='ocr_page' id='page_1' title='image "./caroliferdinand01rankgoog_0070.png"; bbox 0 0 2894 4816; ppageno 0'>
   <div class='ocr_carea' id='block_1_1' title="bbox 1052 357 1162 441">
    <p class='ocr_par' dir='ltr' id='par_1_1' title="bbox 1052 357 1162 441">
     <span class='ocr_line' id='line_1_1' title="bbox 1052 357 1162 422; baseline 0 0"><span class='ocrx_word' id='word_1_1' title='bbox 1052 357 1162 422; x_wconf 76' lang='lat' dir='ltr'>‘tlt</span> 
     </span>
     <span class='ocr_line' id='line_1_2' title="bbox 1123 425 1158 441; baseline 0 0"><span class='ocrx_word' id='word_1_2' title='bbox 1123 425 1158 441; x_wconf 58' lang='lat'>⁸1</span> 
     </span>
    </p>
   </div>
   <div class='ocr_carea' id='block_1_2' title="bbox 115 518 1161 812">
    <p class='ocr_par' dir='ltr' id='par_1_2' title="bbox 115 518 1161 812">
     <span class='ocr_line' id='line_1_3' title="bbox 116 518 1161 616; baseline 0.004 -32"><span class='ocrx_word' id='word_1_3' title='bbox 116 518 217 616; x_wconf 73' lang='lat' dir='ltr'>idque</span> <span class='ocrx_word' id='word_1_4' title='bbox 230 518 402 584; x_wconf 80' lang='lat' dir='ltr'>confimari</span> <span class='ocrx_word' id='word_1_5' title='bbox 415 530 521 607; x_wconf 81' lang='lat' dir='ltr'>posset</span> <span class='ocrx_word' id='word_1_6' title='bbox 534 520 681 604; x_wconf 84' lang='lat' dir='ltr'>Hesychii</span> <span class='ocrx_word' id='word_1_7' title='bbox 692 519 805 588; x_wconf 83' lang='lat' dir='ltr'>Milesii</span> <span class='ocrx_word' id='word_1_8' title='bbox 817 525 975 610; x_wconf 81' lang='lat' dir='ltr'>exemp103</span> <span class='ocrx_word' id='word_1_9' title='bbox 996 523 1048 610; x_wconf 86' lang='lat' dir='ltr'>qui</span> <span class='ocrx_word' id='word_1_10' title='bbox 1055 524 1161 590; x_wconf 83' lang='lat' dir='ltr'>Histo-</span> 
     </span>
     <span class='ocr_line' id='line_1_4' title="bbox 115 617 1160 708; baseline 0.009 -24"><span class='ocrx_word' id='word_1_11' title='bbox 115 621 210 684; x_wconf 77' lang='lat' dir='ltr'>riam·</span> <span class='ocrx_word' id='word_1_12' title='bbox 224 621 399 686; x_wconf 77' lang='lat' dir='ltr'>chronicam</span> <span class='ocrx_word' id='word_1_13' title='bbox 424 623 542 708; x_wconf 82' lang='lat' dir='ltr'>scripsit</span> <span class='ocrx_word' id='word_1_14' title='bbox 563 617 741 707; x_wconf 75' lang='grc' dir='ltr'><strong><em>οιπιὶιριιι</em></strong></span> <span class='ocrx_word' id='word_1_15' title='bbox 762 621 1160 706; x_wconf 74' lang='grc' dir='ltr'><strong><em>Κωνσιιινιινονιιόλιων,</em></strong></span> 
     </span>
     <span class='ocr_line' id='line_1_5' title="bbox 116 721 1160 812; baseline 0.006 -26"><span class='ocrx_word' id='word_1_16' title='bbox 116 745 213 808; x_wconf 89' lang='lat' dir='ltr'>quem</span> <span class='ocrx_word' id='word_1_17' title='bbox 226 725 339 788; x_wconf 87' lang='lat' dir='ltr'>librum</span> <span class='ocrx_word' id='word_1_18' title='bbox 361 725 439 788; x_wconf 84' lang='lat' dir='ltr'>sexti</span> <span class='ocrx_word' id='word_1_19' title='bbox 464 721 683 808; x_wconf 75' lang='grc' dir='ltr'><strong><em>διαστήματος</em></strong></span> <span class='ocrx_word' id='word_1_20' title='bbox 699 730 866 812; x_wconf 77' lang='grc' dir='ltr'><strong><em>χρονιιιιῖν</em></strong></span> <span class='ocrx_word' id='word_1_21' title='bbox 885 730 1007 792; x_wconf 89' lang='lat' dir='ltr'>initium</span> <span class='ocrx_word' id='word_1_22' title='bbox 1021 751 1088 794; x_wconf 86' lang='lat' dir='ltr'>esse</span> <span class='ocrx_word' id='word_1_23' title='bbox 1100 729 1160 792; x_wconf 82' lang='lat' dir='ltr'>Fa-</span> 
     </span>
    </p>
   </div>
   <div class='ocr_carea' id='block_1_3' title="bbox 116 823 1295 918">
    <p class='ocr_par' dir='ltr' id='par_1_3' title="bbox 116 823 1295 918">
     <span class='ocr_line' id='line_1_6' title="bbox 116 823 1295 918; baseline 0.006 -28"><span class='ocrx_word' id='word_1_24' title='bbox 116 827 233 890; x_wconf 81' lang='lat' dir='ltr'>bricius·</span> <span class='ocrx_word' id='word_1_25' title='bbox 251 826 421 916; x_wconf 84' lang='lat' dir='ltr'>suspicatus</span> <span class='ocrx_word' id='word_1_26' title='bbox 439 836 501 903; x_wconf 87' lang='lat' dir='ltr'>est,</span> <span class='ocrx_word' id='word_1_27' title='bbox 534 828 587 888; x_wconf 87' lang='lat' dir='ltr'>cfr.</span> <span class='ocrx_word' id='word_1_28' title='bbox 609 826 726 891; x_wconf 87' lang='lat' dir='ltr'>Fabric.</span> <span class='ocrx_word' id='word_1_29' title='bbox 747 830 820 892; x_wconf 84' lang='lat' dir='ltr'>bibl.</span> <span class='ocrx_word' id='word_1_30' title='bbox 843 827 896 892; x_wconf 88' lang='lat' dir='ltr'>Gr.</span> <span class='ocrx_word' id='word_1_31' title='bbox 917 823 970 893; x_wconf 90' lang='lat' dir='ltr'>lib.</span> <span class='ocrx_word' id='word_1_32' title='bbox 982 831 1025 894; x_wconf 92' lang='lat' dir='ltr'>V.</span> <span class='ocrx_word' id='word_1_33' title='bbox 1048 853 1113 918; x_wconf 91' lang='lat' dir='ltr'>cap.</span> <span class='ocrx_word' id='word_1_34' title='bbox 1130 830 1160 897; x_wconf 85' lang='lat'>5.</span> <span class='ocrx_word' id='word_1_35' title='bbox 1293 855 1295 865; x_wconf 56' lang='lat'>¹</span> 
     </span>
    </p>
   </div>
   <div class='ocr_carea' id='block_1_4' title="bbox 34 906 1265 3264">
    <p class='ocr_par' dir='ltr' id='par_1_4' title="bbox 116 906 1253 1120">
     <span class='ocr_line' id='line_1_7' title="bbox 117 906 1253 1012; baseline 0 -18"><span class='ocrx_word' id='word_1_36' title='bbox 117 927 149 1011; x_wconf 63' lang='grc' dir='ltr'>ξ.</span> <span class='ocrx_word' id='word_1_37' title='bbox 166 934 215 994; x_wconf 85' lang='lat'>12.</span> <span class='ocrx_word' id='word_1_38' title='bbox 238 927 329 1008; x_wconf 72' lang='lat' dir='ltr'>(Vol.</span> <span class='ocrx_word' id='word_1_39' title='bbox 344 926 401 990; x_wconf 88' lang='lat' dir='ltr'>VI.</span> <span class='ocrx_word' id='word_1_40' title='bbox 418 949 449 1012; x_wconf 90' lang='lat' dir='ltr'>p.</span> <span class='ocrx_word' id='word_1_41' title='bbox 463 925 554 1008; x_wconf 82' lang='lat'><strong>240.)</strong></span> <span class='ocrx_word' id='word_1_42' title='bbox 578 939 609 990; x_wconf 83' lang='lat' dir='ltr'>et</span> <span class='ocrx_word' id='word_1_43' title='bbox 619 906 792 994; x_wconf 78' lang='lat' dir='ltr'>itleursium</span> <span class='ocrx_word' id='word_1_44' title='bbox 806 944 837 996; x_wconf 91' lang='lat' dir='ltr'>et</span> <span class='ocrx_word' id='word_1_45' title='bbox 859 931 949 996; x_wconf 91' lang='lat' dir='ltr'>Conr.</span> <span class='ocrx_word' id='word_1_46' title='bbox 965 931 1116 996; x_wconf 88' lang='lat' dir='ltr'>Orellium</span> <span class='ocrx_word' id='word_1_47' title='bbox 1127 933 1161 998; x_wconf 88' lang='lat' dir='ltr'>in</span> <span class='ocrx_word' id='word_1_48' title='bbox 1249 985 1253 994; x_wconf 94' lang='lat'>.</span> 
     </span>
     <span class='ocr_line' id='line_1_8' title="bbox 116 1028 902 1120; baseline 0.008 -28"><span class='ocrx_word' id='word_1_49' title='bbox 116 1029 268 1112; x_wconf 82' lang='lat' dir='ltr'>Hesychii</span> <span class='ocrx_word' id='word_1_50' title='bbox 280 1029 394 1098; x_wconf 82' lang='lat' dir='ltr'>Milesii</span> <span class='ocrx_word' id='word_1_51' title='bbox 407 1028 570 1115; x_wconf 85' lang='lat' dir='ltr'>Opusculis</span> <span class='ocrx_word' id='word_1_52' title='bbox 586 1052 617 1116; x_wconf 90' lang='lat' dir='ltr'>p.</span> <span class='ocrx_word' id='word_1_53' title='bbox 630 1035 703 1098; x_wconf 78' lang='lat'><strong>213.</strong></span> <span class='ocrx_word' id='word_1_54' title='bbox 720 1044 751 1096; x_wconf 90' lang='lat' dir='ltr'>et</span> <span class='ocrx_word' id='word_1_55' title='bbox 761 1038 832 1100; x_wconf 64' lang='grc'>299»</span> <span class='ocrx_word' id='word_1_56' title='bbox 838 1056 902 1120; x_wconf 85' lang='lat' dir='ltr'>seq.</span> 
     </span>
    </p>

    <p class='ocr_par' dir='ltr' id='par_1_5' title="bbox 34 1131 1265 3264">
     <span class='ocr_line' id='line_1_9' title="bbox 205 1131 1237 1222; baseline 0.013 -28"><span class='ocrx_word' id='word_1_57' title='bbox 205 1131 345 1216; x_wconf 86' lang='lat' dir='ltr'>Denique</span> <span class='ocrx_word' id='word_1_58' title='bbox 365 1131 404 1194; x_wconf 91' lang='lat' dir='ltr'>ad</span> <span class='ocrx_word' id='word_1_59' title='bbox 423 1132 563 1197; x_wconf 77' lang='lat' dir='ltr'>ultimam</span> <span class='ocrx_word' id='word_1_60' title='bbox 580 1135 693 1198; x_wconf 85' lang='lat' dir='ltr'>festino</span> <span class='ocrx_word' id='word_1_61' title='bbox 713 1136 928 1222; x_wconf 80' lang='lat' dir='ltr'>suspicionem.</span> <span class='ocrx_word' id='word_1_62' title='bbox 969 1133 1051 1200; x_wconf 81' lang='lat' dir='ltr'>Inter</span> <span class='ocrx_word' id='word_1_63' title='bbox 1068 1137 1162 1206; x_wconf 86' lang='lat' dir='ltr'>libros</span> <span class='ocrx_word' id='word_1_64' title='bbox 1233 1173 1237 1184; x_wconf 70' lang='grc'><strong>’</strong></span> 
     </span>
     <span class='ocr_line' id='line_1_10' title="bbox 119 1229 1161 1322; baseline 0.008 -25"><span class='ocrx_word' id='word_1_65' title='bbox 119 1229 305 1312; x_wconf 88' lang='lat' dir='ltr'>Diogeniani</span> <span class='ocrx_word' id='word_1_66' title='bbox 312 1232 432 1298; x_wconf 83' lang='lat' dir='ltr'>alterius</span> <span class='ocrx_word' id='word_1_67' title='bbox 445 1246 632 1299; x_wconf 88' lang='lat' dir='ltr'>memoratur</span> <span class='ocrx_word' id='word_1_68' title='bbox 641 1232 915 1321; x_wconf 73' lang='grc' dir='ltr'><strong><em>,,ἐιιιγριιμμαίων</em></strong></span> <span class='ocrx_word' id='word_1_69' title='bbox 929 1232 1161 1322; x_wconf 76' lang='grc' dir='ltr'><strong><em>ἄνθολόγιον“,</em></strong></span> 
     </span>
     <span class='ocr_line' id='line_1_11' title="bbox 120 1335 1162 1422; baseline 0.008 -26"><span class='ocrx_word' id='word_1_70' title='bbox 120 1336 206 1398; x_wconf 89' lang='lat' dir='ltr'>cuius</span> <span class='ocrx_word' id='word_1_71' title='bbox 225 1339 343 1400; x_wconf 90' lang='lat' dir='ltr'>nullum</span> <span class='ocrx_word' id='word_1_72' title='bbox 363 1348 411 1398; x_wconf 88' lang='lat' dir='ltr'>est</span> <span class='ocrx_word' id='word_1_73' title='bbox 433 1335 513 1422; x_wconf 89' lang='lat' dir='ltr'>apud</span> <span class='ocrx_word' id='word_1_74' title='bbox 533 1337 692 1422; x_wconf 75' lang='lat' dir='ltr'>scriptores</span> <span class='ocrx_word' id='word_1_75' title='bbox 712 1353 831 1406; x_wconf 79' lang='lat' dir='ltr'>ueteres</span> <span class='ocrx_word' id='word_1_76' title='bbox 852 1341 1024 1421; x_wconf 84' lang='lat' dir='ltr'>vestigimn.</span> <span class='ocrx_word' id='word_1_77' title='bbox 1067 1337 1162 1419; x_wconf 89' lang='lat' dir='ltr'>Quod</span> 
     </span>
     <span class='ocr_line' id='line_1_12' title="bbox 119 1438 1161 1523; baseline 0.002 -21"><span class='ocrx_word' id='word_1_78' title='bbox 119 1457 161 1502; x_wconf 86' lang='lat' dir='ltr'>eo</span> <span class='ocrx_word' id='word_1_79' title='bbox 174 1438 272 1518; x_wconf 85' lang='lat' dir='ltr'>magis</span> <span class='ocrx_word' id='word_1_80' title='bbox 287 1439 400 1502; x_wconf 86' lang='lat' dir='ltr'>mirum</span> <span class='ocrx_word' id='word_1_81' title='bbox 415 1449 474 1516; x_wconf 85' lang='lat' dir='ltr'>est,</span> <span class='ocrx_word' id='word_1_82' title='bbox 499 1439 568 1522; x_wconf 85' lang='lat' dir='ltr'>quia</span> <span class='ocrx_word' id='word_1_83' title='bbox 588 1443 639 1504; x_wconf 87' lang='lat' dir='ltr'>alii</span> <span class='ocrx_word' id='word_1_84' title='bbox 658 1443 727 1506; x_wconf 89' lang='lat' dir='ltr'>libri</span> <span class='ocrx_word' id='word_1_85' title='bbox 745 1441 834 1508; x_wconf 82' lang='lat' dir='ltr'>huius</span> <span class='ocrx_word' id='word_1_86' title='bbox 850 1443 969 1523; x_wconf 87' lang='lat' dir='ltr'>generis</span> <span class='ocrx_word' id='word_1_87' title='bbox 982 1464 1046 1506; x_wconf 91' lang='lat' dir='ltr'>non</span> <span class='ocrx_word' id='word_1_88' title='bbox 1060 1445 1161 1514; x_wconf 86' lang='lat' dir='ltr'>solmn</span> 
     </span>
     <span class='ocr_line' id='line_1_13' title="bbox 119 1533 1161 1630; baseline 0.006 -28"><span class='ocrx_word' id='word_1_89' title='bbox 119 1551 327 1602; x_wconf 87' lang='lat' dir='ltr'>memorantur</span> <span class='ocrx_word' id='word_1_90' title='bbox 339 1542 526 1624; x_wconf 75' lang='lat' dir='ltr'>frequenter,</span> <span class='ocrx_word' id='word_1_91' title='bbox 548 1539 604 1606; x_wconf 86' lang='lat' dir='ltr'>sed</span> <span class='ocrx_word' id='word_1_92' title='bbox 617 1545 709 1608; x_wconf 81' lang='lat' dir='ltr'>etiam</span> <span class='ocrx_word' id='word_1_93' title='bbox 721 1545 761 1607; x_wconf 90' lang='lat' dir='ltr'>ad</span> <span class='ocrx_word' id='word_1_94' title='bbox 773 1557 910 1612; x_wconf 86' lang='lat' dir='ltr'>nostram</span> <span class='ocrx_word' id='word_1_95' title='bbox 921 1533 1022 1630; x_wconf 79' lang='lat' dir='ltr'>usquc</span> <span class='ocrx_word' id='word_1_96' title='bbox 1032 1555 1161 1610; x_wconf 85' lang='lat' dir='ltr'>aetatem</span> 
     </span>
     <span class='ocr_line' id='line_1_14' title="bbox 121 1638 1162 1732; baseline 0.008 -30"><span class='ocrx_word' id='word_1_97' title='bbox 121 1639 351 1705; x_wconf 75' lang='lat' dir='ltr'>descenderumt.</span> <span class='ocrx_word' id='word_1_98' title='bbox 393 1638 502 1720; x_wconf 82' lang='lat' dir='ltr'>Quid?</span> <span class='ocrx_word' id='word_1_99' title='bbox 534 1643 618 1726; x_wconf 88' lang='lat' dir='ltr'>quod</span> <span class='ocrx_word' id='word_1_100' title='bbox 638 1647 756 1732; x_wconf 83' lang='lat' dir='ltr'>exipsa</span> <span class='ocrx_word' id='word_1_101' title='bbox 769 1646 917 1710; x_wconf 87' lang='lat' dir='ltr'>Hadriani</span> <span class='ocrx_word' id='word_1_102' title='bbox 936 1660 1033 1712; x_wconf 87' lang='lat' dir='ltr'>aetate</span> <span class='ocrx_word' id='word_1_103' title='bbox 1045 1647 1162 1712; x_wconf 84' lang='lat' dir='ltr'>Strato-</span> 
     </span>
     <span class='ocr_line' id='line_1_15' title="bbox 34 1737 1162 1834; baseline 0.004 -28"><span class='ocrx_word' id='word_1_104' title='bbox 34 1737 39 1746; x_wconf 70' lang='grc'>’</span> <span class='ocrx_word' id='word_1_105' title='bbox 120 1742 306 1808; x_wconf 77' lang='grc' dir='ltr'><strong><em>νίειΜοῦσιι</em></strong></span> <span class='ocrx_word' id='word_1_106' title='bbox 318 1737 454 1826; x_wconf 70' lang='grc' dir='ltr'><strong><em>παιδικὴ</em></strong></span> <span class='ocrx_word' id='word_1_107' title='bbox 468 1765 560 1828; x_wconf 81' lang='lat' dir='ltr'>saepe</span> <span class='ocrx_word' id='word_1_108' title='bbox 575 1747 749 1808; x_wconf 84' lang='lat' dir='ltr'>celebratur.</span> <span class='ocrx_word' id='word_1_109' title='bbox 793 1747 896 1834; x_wconf 84' lang='lat' dir='ltr'>Atque</span> <span class='ocrx_word' id='word_1_110' title='bbox 909 1751 975 1834; x_wconf 87' lang='lat' dir='ltr'>ipsa</span> <span class='ocrx_word' id='word_1_111' title='bbox 989 1749 1084 1812; x_wconf 88' lang='lat' dir='ltr'>nostri</span> <span class='ocrx_word' id='word_1_112' title='bbox 1093 1747 1162 1811; x_wconf 88' lang='lat' dir='ltr'>libri</span> 
     </span>
     <span class='ocr_line' id='line_1_16' title="bbox 120 1843 1163 1935; baseline 0.001 -27"><span class='ocrx_word' id='word_1_113' title='bbox 120 1845 274 1932; x_wconf 81' lang='lat' dir='ltr'>inscriptio</span> <span class='ocrx_word' id='word_1_114' title='bbox 287 1849 381 1934; x_wconf 75' lang='lat' dir='ltr'>lrabet</span> <span class='ocrx_word' id='word_1_115' title='bbox 393 1846 543 1931; x_wconf 78' lang='lat' dir='ltr'>peculiare</span> <span class='ocrx_word' id='word_1_116' title='bbox 562 1847 691 1932; x_wconf 90' lang='lat' dir='ltr'>aliquid,</span> <span class='ocrx_word' id='word_1_117' title='bbox 714 1849 859 1935; x_wconf 88' lang='lat' dir='ltr'>quoniam</span> <span class='ocrx_word' id='word_1_118' title='bbox 875 1843 1060 1929; x_wconf 76' lang='grc' dir='ltr'><strong><em>ἄνθολογίιι</em></strong></span> <span class='ocrx_word' id='word_1_119' title='bbox 1071 1849 1163 1933; x_wconf 81' lang='lat' dir='ltr'>pleri-</span> 
     </span>
     <span class='ocr_line' id='line_1_17' title="bbox 122 1941 1163 2036; baseline 0.003 -26"><span class='ocrx_word' id='word_1_120' title='bbox 122 1969 181 2033; x_wconf 87' lang='lat' dir='ltr'>que</span> <span class='ocrx_word' id='word_1_121' title='bbox 200 1947 321 2028; x_wconf 85' lang='lat' dir='ltr'>dicunt,</span> <span class='ocrx_word' id='word_1_122' title='bbox 342 1969 406 2012; x_wconf 88' lang='lat' dir='ltr'>non</span> <span class='ocrx_word' id='word_1_123' title='bbox 427 1941 646 2031; x_wconf 73' lang='grc' dir='ltr'><strong><em>ἄνθολόμιον,</em></strong></span> <span class='ocrx_word' id='word_1_124' title='bbox 667 1950 751 2034; x_wconf 92' lang='lat' dir='ltr'>quod</span> <span class='ocrx_word' id='word_1_125' title='bbox 769 1954 877 2016; x_wconf 77' lang='lat' dir='ltr'>frustra</span> <span class='ocrx_word' id='word_1_126' title='bbox 897 1952 929 2013; x_wconf 93' lang='lat' dir='ltr'>in</span> <span class='ocrx_word' id='word_1_127' title='bbox 948 1951 1053 2014; x_wconf 83' lang='lat' dir='ltr'>lexicis</span> <span class='ocrx_word' id='word_1_128' title='bbox 1070 1972 1163 2036; x_wconf 80' lang='lat' dir='ltr'>quae-</span> 
     </span>
     <span class='ocr_line' id='line_1_18' title="bbox 121 2050 1163 2139; baseline 0 -23"><span class='ocrx_word' id='word_1_129' title='bbox 121 2051 190 2132; x_wconf 78' lang='lat' dir='ltr'>sivi.</span> <span class='ocrx_word' id='word_1_130' title='bbox 233 2050 375 2114; x_wconf 84' lang='lat' dir='ltr'>Solemus</span> <span class='ocrx_word' id='word_1_131' title='bbox 396 2063 499 2116; x_wconf 82' lang='lat' dir='ltr'>autem</span> <span class='ocrx_word' id='word_1_132' title='bbox 510 2054 568 2114; x_wconf 89' lang='lat' dir='ltr'>hac</span> <span class='ocrx_word' id='word_1_133' title='bbox 589 2072 668 2114; x_wconf 84' lang='lat' dir='ltr'>voce</span> <span class='ocrx_word' id='word_1_134' title='bbox 689 2051 793 2116; x_wconf 89' lang='lat' dir='ltr'>audita</span> <span class='ocrx_word' id='word_1_135' title='bbox 815 2051 854 2116; x_wconf 89' lang='lat' dir='ltr'>de</span> <span class='ocrx_word' id='word_1_136' title='bbox 870 2053 1093 2139; x_wconf 76' lang='lat' dir='ltr'>epigrammatis</span> <span class='ocrx_word' id='word_1_137' title='bbox 1106 2075 1163 2116; x_wconf 78' lang='lat' dir='ltr'>va-</span> 
     </span>
     <span class='ocr_line' id='line_1_19' title="bbox 121 2151 1163 2242; baseline 0.003 -26"><span class='ocrx_word' id='word_1_138' title='bbox 121 2152 237 2216; x_wconf 90' lang='lat' dir='ltr'>riorum</span> <span class='ocrx_word' id='word_1_139' title='bbox 255 2151 416 2238; x_wconf 72' lang='lat' dir='ltr'>poetarum</span> <span class='ocrx_word' id='word_1_140' title='bbox 438 2153 570 2216; x_wconf 81' lang='lat' dir='ltr'>collectis</span> <span class='ocrx_word' id='word_1_141' title='bbox 594 2154 734 2234; x_wconf 83' lang='lat' dir='ltr'>cogitare.</span> <span class='ocrx_word' id='word_1_142' title='bbox 787 2153 851 2218; x_wconf 87' lang='lat' dir='ltr'>Sed</span> <span class='ocrx_word' id='word_1_143' title='bbox 873 2155 933 2218; x_wconf 90' lang='lat' dir='ltr'>nisi</span> <span class='ocrx_word' id='word_1_144' title='bbox 952 2158 1041 2218; x_wconf 84' lang='lat' dir='ltr'>fallor</span> <span class='ocrx_word' id='word_1_145' title='bbox 1061 2154 1163 2242; x_wconf 78' lang='lat' dir='ltr'>po‘e&#39;ts,</span> 
     </span>
     <span class='ocr_line' id='line_1_20' title="bbox 123 2252 1164 2344; baseline 0.003 -24"><span class='ocrx_word' id='word_1_146' title='bbox 123 2257 175 2342; x_wconf 86' lang='lat' dir='ltr'>qui</span> <span class='ocrx_word' id='word_1_147' title='bbox 187 2257 272 2320; x_wconf 79' lang='lat' dir='ltr'>varia</span> <span class='ocrx_word' id='word_1_148' title='bbox 293 2254 509 2341; x_wconf 77' lang='lat' dir='ltr'>epigrammata</span> <span class='ocrx_word' id='word_1_149' title='bbox 526 2252 638 2318; x_wconf 82' lang='lat' dir='ltr'>diversi</span> <span class='ocrx_word' id='word_1_150' title='bbox 658 2257 775 2336; x_wconf 81' lang='lat' dir='ltr'>generis</span> <span class='ocrx_word' id='word_1_151' title='bbox 795 2255 975 2338; x_wconf 83' lang='lat' dir='ltr'>condiderit,</span> <span class='ocrx_word' id='word_1_152' title='bbox 998 2253 1164 2344; x_wconf 78' lang='lat' dir='ltr'>eorumque</span> 
     </span>
     <span class='ocr_line' id='line_1_21' title="bbox 121 2347 1164 2448; baseline 0.004 -28"><span class='ocrx_word' id='word_1_153' title='bbox 121 2369 241 2444; x_wconf 86' lang='lat' dir='ltr'>partem</span> <span class='ocrx_word' id='word_1_154' title='bbox 254 2359 387 2442; x_wconf 87' lang='lat' dir='ltr'>aliquam</span> <span class='ocrx_word' id='word_1_155' title='bbox 402 2356 493 2420; x_wconf 87' lang='lat' dir='ltr'>edere</span> <span class='ocrx_word' id='word_1_156' title='bbox 504 2359 687 2442; x_wconf 86' lang='lat' dir='ltr'>susceperit,</span> <span class='ocrx_word' id='word_1_157' title='bbox 709 2347 809 2424; x_wconf 44' lang='lat' dir='ltr'>&#39;suum</span> <span class='ocrx_word' id='word_1_158' title='bbox 820 2361 915 2445; x_wconf 87' lang='lat' dir='ltr'>ipsius</span> <span class='ocrx_word' id='word_1_159' title='bbox 926 2362 1037 2448; x_wconf 71' lang='lat' dir='ltr'>lilrmm</span> <span class='ocrx_word' id='word_1_160' title='bbox 1052 2359 1164 2426; x_wconf 89' lang='lat' dir='ltr'>eodem</span> 
     </span>
     <span class='ocr_line' id='line_1_22' title="bbox 124 2455 1265 2544; baseline 0.003 -20"><span class='ocrx_word' id='word_1_161' title='bbox 124 2458 220 2524; x_wconf 86' lang='lat' dir='ltr'>modo</span> <span class='ocrx_word' id='word_1_162' title='bbox 241 2460 404 2523; x_wconf 89' lang='lat' dir='ltr'>inscribere</span> <span class='ocrx_word' id='word_1_163' title='bbox 423 2459 530 2544; x_wconf 86' lang='lat' dir='ltr'>possit.</span> <span class='ocrx_word' id='word_1_164' title='bbox 572 2455 711 2536; x_wconf 84' lang='lat' dir='ltr'>Quodsi</span> <span class='ocrx_word' id='word_1_165' title='bbox 731 2482 841 2524; x_wconf 81' lang='lat' dir='ltr'>verum</span> <span class='ocrx_word' id='word_1_166' title='bbox 863 2472 922 2540; x_wconf 91' lang='lat' dir='ltr'>est,</span> <span class='ocrx_word' id='word_1_167' title='bbox 945 2463 1005 2524; x_wconf 92' lang='lat' dir='ltr'>hoc</span> <span class='ocrx_word' id='word_1_168' title='bbox 1024 2463 1111 2527; x_wconf 87' lang='lat' dir='ltr'>titulo</span> <span class='ocrx_word' id='word_1_169' title='bbox 1123 2461 1165 2526; x_wconf 91' lang='lat' dir='ltr'>ad</span> <span class='ocrx_word' id='word_1_170' title='bbox 1234 2527 1236 2534; x_wconf 81' lang='grc'><em>,</em></span> <span class='ocrx_word' id='word_1_171' title='bbox 1259 2509 1265 2514; x_wconf 97' lang='grc'>-</span> 
     </span>
     <span class='ocr_line' id='line_1_23' title="bbox 124 2545 1165 2647; baseline 0.007 -23"><span class='ocrx_word' id='word_1_172' title='bbox 124 2561 299 2644; x_wconf 83' lang='lat' dir='ltr'>Diogenem</span> <span class='ocrx_word' id='word_1_173' title='bbox 313 2561 470 2625; x_wconf 75' lang='lat' dir='ltr'>Lac&#39;rtium</span> <span class='ocrx_word' id='word_1_174' title='bbox 493 2560 651 2640; x_wconf 86' lang='lat' dir='ltr'>trahimur,</span> <span class='ocrx_word' id='word_1_175' title='bbox 673 2545 768 2647; x_wconf 86' lang='lat' dir='ltr'>quem</span> <span class='ocrx_word' id='word_1_176' title='bbox 789 2562 902 2624; x_wconf 86' lang='lat' dir='ltr'>scimus</span> <span class='ocrx_word' id='word_1_177' title='bbox 914 2564 1165 2647; x_wconf 86' lang='lat' dir='ltr'>epigrammatum</span> 
     </span>
     <span class='ocr_line' id='line_1_24' title="bbox 122 2650 1263 2748; baseline -0.003 -20"><span class='ocrx_word' id='word_1_178' title='bbox 122 2667 280 2739; x_wconf 80' lang='lat' dir='ltr'>volumina</span> <span class='ocrx_word' id='word_1_179' title='bbox 300 2663 428 2748; x_wconf 86' lang='lat' dir='ltr'>abipso</span> <span class='ocrx_word' id='word_1_180' title='bbox 449 2665 599 2726; x_wconf 87' lang='lat' dir='ltr'>factorum</span> <span class='ocrx_word' id='word_1_181' title='bbox 614 2663 758 2728; x_wconf 88' lang='lat' dir='ltr'>edidisse.</span> <span class='ocrx_word' id='word_1_182' title='bbox 810 2663 947 2727; x_wconf 87' lang='lat' dir='ltr'>Primum</span> <span class='ocrx_word' id='word_1_183' title='bbox 969 2664 1052 2726; x_wconf 89' lang='lat' dir='ltr'>enim</span> <span class='ocrx_word' id='word_1_184' title='bbox 1071 2687 1165 2732; x_wconf 88' lang='lat' dir='ltr'>suum</span> <span class='ocrx_word' id='word_1_185' title='bbox 1260 2650 1263 2656; x_wconf 40' lang='lat'>¹</span> 
     </span>
     <span class='ocr_line' id='line_1_25' title="bbox 122 2765 1165 2852; baseline 0.002 -20"><span class='ocrx_word' id='word_1_186' title='bbox 122 2769 204 2832; x_wconf 86' lang='lat' dir='ltr'>hunc</span> <span class='ocrx_word' id='word_1_187' title='bbox 214 2769 326 2832; x_wconf 89' lang='lat' dir='ltr'>librum</span> <span class='ocrx_word' id='word_1_188' title='bbox 338 2766 405 2852; x_wconf 88' lang='lat' dir='ltr'>ipse</span> <span class='ocrx_word' id='word_1_189' title='bbox 420 2765 597 2852; x_wconf 85' lang='lat' dir='ltr'>saepissime</span> <span class='ocrx_word' id='word_1_190' title='bbox 608 2767 756 2846; x_wconf 83' lang='lat' dir='ltr'>laudavit,</span> <span class='ocrx_word' id='word_1_191' title='bbox 778 2769 843 2830; x_wconf 86' lang='lat' dir='ltr'>fere</span> <span class='ocrx_word' id='word_1_192' title='bbox 858 2766 891 2828; x_wconf 90' lang='lat' dir='ltr'>in</span> <span class='ocrx_word' id='word_1_193' title='bbox 903 2766 1029 2846; x_wconf 86' lang='lat' dir='ltr'>singulis</span> <span class='ocrx_word' id='word_1_194' title='bbox 1040 2769 1165 2852; x_wconf 84' lang='lat' dir='ltr'>quibus-</span> 
     </span>
     <span class='ocr_line' id='line_1_26' title="bbox 124 2867 1165 2957; baseline 0.001 -24"><span class='ocrx_word' id='word_1_195' title='bbox 124 2893 184 2956; x_wconf 84' lang='lat' dir='ltr'>que</span> <span class='ocrx_word' id='word_1_196' title='bbox 198 2870 454 2957; x_wconf 90' lang='lat' dir='ltr'>philosophorum</span> <span class='ocrx_word' id='word_1_197' title='bbox 466 2869 547 2934; x_wconf 81' lang='lat' dir='ltr'>vitis.</span> <span class='ocrx_word' id='word_1_198' title='bbox 588 2868 698 2934; x_wconf 85' lang='lat' dir='ltr'>Fusius</span> <span class='ocrx_word' id='word_1_199' title='bbox 717 2881 820 2937; x_wconf 87' lang='lat' dir='ltr'>autem</span> <span class='ocrx_word' id='word_1_200' title='bbox 830 2867 870 2930; x_wconf 90' lang='lat' dir='ltr'>de</span> <span class='ocrx_word' id='word_1_201' title='bbox 884 2890 922 2930; x_wconf 89' lang='lat' dir='ltr'>eo</span> <span class='ocrx_word' id='word_1_202' title='bbox 937 2867 1057 2934; x_wconf 87' lang='lat' dir='ltr'>duobus</span> <span class='ocrx_word' id='word_1_203' title='bbox 1068 2872 1165 2956; x_wconf 84' lang='lat' dir='ltr'>potis-</span> 
     </span>
     <span class='ocr_line' id='line_1_27' title="bbox 124 2963 1166 3057; baseline 0.006 -23"><span class='ocrx_word' id='word_1_204' title='bbox 124 2973 238 3034; x_wconf 85' lang='lat' dir='ltr'>simum</span> <span class='ocrx_word' id='word_1_205' title='bbox 257 2971 331 3034; x_wconf 89' lang='lat' dir='ltr'>locis</span> <span class='ocrx_word' id='word_1_206' title='bbox 353 2969 507 3057; x_wconf 84' lang='lat' dir='ltr'>exposuit,</span> <span class='ocrx_word' id='word_1_207' title='bbox 527 2969 558 3050; x_wconf 86' lang='grc' dir='ltr'>Ι,</span> <span class='ocrx_word' id='word_1_208' title='bbox 580 2977 631 3038; x_wconf 84' lang='grc'>39.</span> <span class='ocrx_word' id='word_1_209' title='bbox 653 2969 741 3052; x_wconf 66' lang='lat' dir='ltr'>„doec</span> <span class='ocrx_word' id='word_1_210' title='bbox 762 2971 818 3037; x_wconf 81' lang='lat' dir='ltr'>acl</span> <span class='ocrx_word' id='word_1_211' title='bbox 837 2963 919 3054; x_wconf 78' lang='grc' dir='ltr'><strong><em>παρ’</em></strong></span> <span class='ocrx_word' id='word_1_212' title='bbox 935 2963 1031 3054; x_wconf 73' lang='grc' dir='ltr'><strong><em>ἡμῶν</em></strong></span> <span class='ocrx_word' id='word_1_213' title='bbox 1046 2973 1093 3050; x_wconf 77' lang='grc' dir='ltr'>εἰς</span> <span class='ocrx_word' id='word_1_214' title='bbox 1107 2971 1166 3040; x_wconf 73' lang='grc' dir='ltr'>αὖ·</span> 
     </span>
     <span class='ocr_line' id='line_1_28' title="bbox 126 3066 1167 3162; baseline 0.001 -19"><span class='ocrx_word' id='word_1_215' title='bbox 126 3068 187 3143; x_wconf 73' lang='lat' dir='ltr'>cdv</span> <span class='ocrx_word' id='word_1_216' title='bbox 212 3073 248 3140; x_wconf 78' lang='grc' dir='ltr'>ἐν</span> <span class='ocrx_word' id='word_1_217' title='bbox 267 3076 315 3162; x_wconf 74' lang='grc' dir='ltr'>τῷ</span> <span class='ocrx_word' id='word_1_218' title='bbox 336 3066 457 3162; x_wconf 72' lang='grc' dir='ltr'><strong><em>πρώτῳ</em></strong></span> <span class='ocrx_word' id='word_1_219' title='bbox 475 3075 544 3140; x_wconf 69' lang='grc' dir='ltr'>τῶν</span> <span class='ocrx_word' id='word_1_220' title='bbox 562 3069 832 3158; x_wconf 74' lang='grc' dir='ltr'><strong><em>ἐπιγραμμάτων,</em></strong></span> <span class='ocrx_word' id='word_1_221' title='bbox 854 3067 1070 3162; x_wconf 78' lang='grc' dir='ltr'><strong><em>ἢπαμμέτρρ</em></strong></span> <span class='ocrx_word' id='word_1_222' title='bbox 1090 3071 1167 3144; x_wconf 75' lang='grc' dir='ltr'>τάδε</span> 
     </span>
     <span class='ocr_line' id='line_1_29' title="bbox 124 3172 1168 3264; baseline 0.002 -21"><span class='ocrx_word' id='word_1_223' title='bbox 124 3175 163 3244; x_wconf 82' lang='grc' dir='ltr'>τὰ</span> <span class='ocrx_word' id='word_1_224' title='bbox 184 3175 390 3262; x_wconf 48' lang='grc' dir='ltr'>ἐπίμριιμμαιί</span> <span class='ocrx_word' id='word_1_225' title='bbox 411 3191 443 3242; x_wconf 88' lang='lat' dir='ltr'>et</span> <span class='ocrx_word' id='word_1_226' title='bbox 458 3177 485 3262; x_wconf 64' lang='grc' dir='ltr'>ρ.</span> <span class='ocrx_word' id='word_1_227' title='bbox 500 3185 551 3246; x_wconf 86' lang='grc'>63.</span> <span class='ocrx_word' id='word_1_228' title='bbox 574 3173 661 3256; x_wconf 72' lang='lat' dir='ltr'>„iore</span> <span class='ocrx_word' id='word_1_229' title='bbox 683 3177 719 3243; x_wconf 76' lang='grc' dir='ltr'>δὲ</span> <span class='ocrx_word' id='word_1_230' title='bbox 732 3176 788 3242; x_wconf 77' lang='grc' dir='ltr'>καὶ</span> <span class='ocrx_word' id='word_1_231' title='bbox 801 3172 962 3262; x_wconf 77' lang='grc' dir='ltr'><strong><em>ἡμέτερον</em></strong></span> <span class='ocrx_word' id='word_1_232' title='bbox 977 3173 1168 3264; x_wconf 77' lang='grc' dir='ltr'><strong><em>ἐπίγραμμα</em></strong></span> 
     </span>
    </p>
   </div>
   <div class='ocr_carea' id='block_1_5' title="bbox 124 3274 1288 3371">
    <p class='ocr_par' dir='ltr' id='par_1_6' title="bbox 124 3274 1288 3371">
     <span class='ocr_line' id='line_1_30' title="bbox 124 3274 1288 3371; baseline -0.003 -23"><span class='ocrx_word' id='word_1_233' title='bbox 124 3277 162 3350; x_wconf 71' lang='grc' dir='ltr'>ἐν</span> <span class='ocrx_word' id='word_1_234' title='bbox 181 3283 222 3366; x_wconf 78' lang='grc' dir='ltr'>τῇ</span> <span class='ocrx_word' id='word_1_235' title='bbox 241 3279 464 3366; x_wconf 73' lang='grc' dir='ltr'><strong><em>προειρημένῃ</em></strong></span> <span class='ocrx_word' id='word_1_236' title='bbox 482 3274 644 3367; x_wconf 68' lang='grc' dir='ltr'><strong><em>ἐμμέτρῳ,</em></strong></span> <span class='ocrx_word' id='word_1_237' title='bbox 672 3276 757 3348; x_wconf 79' lang='grc' dir='ltr'>ἔνθα</span> <span class='ocrx_word' id='word_1_238' title='bbox 776 3277 832 3346; x_wconf 71' lang='lat' dir='ltr'>aul</span> <span class='ocrx_word' id='word_1_239' title='bbox 852 3277 927 3362; x_wconf 75' lang='lat' dir='ltr'>ccccl</span> <span class='ocrx_word' id='word_1_240' title='bbox 945 3275 1081 3346; x_wconf 74' lang='grc' dir='ltr'><strong><em>πάντων</em></strong></span> <span class='ocrx_word' id='word_1_241' title='bbox 1100 3283 1170 3344; x_wconf 75' lang='grc' dir='ltr'>τῶν</span> <span class='ocrx_word' id='word_1_242' title='bbox 1283 3367 1288 3371; x_wconf 19' lang='grc'>1</span> 
     </span>
    </p>
   </div>
   <div class='ocr_carea' id='block_1_6' title="bbox 124 3375 1170 4182">
    <p class='ocr_par' dir='ltr' id='par_1_7' title="bbox 124 3375 1170 4182">
     <span class='ocr_line' id='line_1_31' title="bbox 124 3375 1168 3466; baseline -0.005 -14"><span class='ocrx_word' id='word_1_243' title='bbox 124 3377 389 3466; x_wconf 73' lang='grc' dir='ltr'><strong><em>τελευτησάντων</em></strong></span> <span class='ocrx_word' id='word_1_244' title='bbox 407 3378 586 3466; x_wconf 68' lang='grc' dir='ltr'><strong><em>ἐλλογίμων</em></strong></span> <span class='ocrx_word' id='word_1_245' title='bbox 605 3381 782 3466; x_wconf 75' lang='grc' dir='ltr'>διείλεγμαι</span> <span class='ocrx_word' id='word_1_246' title='bbox 801 3377 900 3446; x_wconf 72' lang='grc' dir='ltr'><strong><em>παντὶ</em></strong></span> <span class='ocrx_word' id='word_1_247' title='bbox 913 3375 1022 3466; x_wconf 78' lang='grc' dir='ltr'><strong><em>μέτρῳ</em></strong></span> <span class='ocrx_word' id='word_1_248' title='bbox 1037 3379 1093 3446; x_wconf 80' lang='grc' dir='ltr'>καὶ</span> <span class='ocrx_word' id='word_1_249' title='bbox 1110 3379 1168 3462; x_wconf 77' lang='lat' dir='ltr'>dv·</span> 
     </span>
     <span class='ocr_line' id='line_1_32' title="bbox 124 3477 1167 3572; baseline 0.002 -24"><span class='ocrx_word' id='word_1_250' title='bbox 124 3488 221 3572; x_wconf 70' lang='grc' dir='ltr'><strong><em>θμῷ,</em></strong></span> <span class='ocrx_word' id='word_1_251' title='bbox 242 3477 462 3566; x_wconf 69' lang='grc' dir='ltr'><strong><em>ἐπιμράμμασι</em></strong></span> <span class='ocrx_word' id='word_1_252' title='bbox 476 3481 533 3548; x_wconf 77' lang='grc' dir='ltr'>καὶ</span> <span class='ocrx_word' id='word_1_253' title='bbox 545 3479 693 3566; x_wconf 78' lang='grc' dir='ltr'><strong><em>μέλεσιν,</em></strong></span> <span class='ocrx_word' id='word_1_254' title='bbox 714 3483 790 3567; x_wconf 74' lang='grc' dir='ltr'><strong><em>ἔχον</em></strong></span> <span class='ocrx_word' id='word_1_255' title='bbox 803 3479 939 3558; x_wconf 70' lang='lat' dir='ltr'>odrore“</span> <span class='ocrx_word' id='word_1_256' title='bbox 982 3481 1167 3570; x_wconf 84' lang='lat' dir='ltr'>Quanquam</span> 
     </span>
     <span class='ocr_line' id='line_1_33' title="bbox 125 3583 1169 3674; baseline -0.008 -22"><span class='ocrx_word' id='word_1_257' title='bbox 125 3590 217 3670; x_wconf 89' lang='lat' dir='ltr'>igitur</span> <span class='ocrx_word' id='word_1_258' title='bbox 237 3583 320 3672; x_wconf 89' lang='lat' dir='ltr'>apud</span> <span class='ocrx_word' id='word_1_259' title='bbox 336 3583 465 3648; x_wconf 83' lang='lat' dir='ltr'>Suidam</span> <span class='ocrx_word' id='word_1_260' title='bbox 482 3585 551 3648; x_wconf 86' lang='lat' dir='ltr'>libri</span> <span class='ocrx_word' id='word_1_261' title='bbox 569 3584 689 3648; x_wconf 89' lang='lat' dir='ltr'>titulum</span> <span class='ocrx_word' id='word_1_262' title='bbox 716 3585 946 3668; x_wconf 65' lang='lat' dir='ltr'>‚mclpperpou“</span> <span class='ocrx_word' id='word_1_263' title='bbox 974 3607 1038 3649; x_wconf 89' lang='lat' dir='ltr'>non</span> <span class='ocrx_word' id='word_1_264' title='bbox 1055 3589 1169 3674; x_wconf 83' lang='lat' dir='ltr'>reperi.</span> 
     </span>
     <span class='ocr_line' id='line_1_34' title="bbox 126 3681 1169 3774; baseline 0.004 -20"><span class='ocrx_word' id='word_1_265' title='bbox 126 3713 212 3758; x_wconf 85' lang='lat' dir='ltr'>mus:</span> <span class='ocrx_word' id='word_1_266' title='bbox 236 3699 358 3766; x_wconf 89' lang='lat' dir='ltr'>tamen,</span> <span class='ocrx_word' id='word_1_267' title='bbox 379 3699 413 3750; x_wconf 93' lang='lat' dir='ltr'>ut</span> <span class='ocrx_word' id='word_1_268' title='bbox 429 3686 495 3774; x_wconf 89' lang='lat' dir='ltr'>ipse</span> <span class='ocrx_word' id='word_1_269' title='bbox 516 3688 649 3773; x_wconf 88' lang='lat' dir='ltr'>primum</span> <span class='ocrx_word' id='word_1_270' title='bbox 668 3689 736 3752; x_wconf 79' lang='lat' dir='ltr'>reio</span> <span class='ocrx_word' id='word_1_271' title='bbox 757 3681 1010 3770; x_wconf 76' lang='grc' dir='ltr'><strong><em>ἐπιγραμμάτων</em></strong></span> <span class='ocrx_word' id='word_1_272' title='bbox 1023 3690 1106 3773; x_wconf 83' lang='lat' dir='ltr'>citat,</span> <span class='ocrx_word' id='word_1_273' title='bbox 1127 3693 1169 3758; x_wconf 89' lang='lat' dir='ltr'>ita</span> 
     </span>
     <span class='ocr_line' id='line_1_35' title="bbox 128 3791 1169 3880; baseline -0.002 -22"><span class='ocrx_word' id='word_1_274' title='bbox 128 3796 202 3858; x_wconf 80' lang='lat' dir='ltr'>alim</span> <span class='ocrx_word' id='word_1_275' title='bbox 210 3813 332 3878; x_wconf 89' lang='lat' dir='ltr'>quoque</span> <span class='ocrx_word' id='word_1_276' title='bbox 339 3811 403 3858; x_wconf 90' lang='lat' dir='ltr'>non</span> <span class='ocrx_word' id='word_1_277' title='bbox 409 3791 634 3878; x_wconf 86' lang='lat' dir='ltr'>prohibebatur,</span> <span class='ocrx_word' id='word_1_278' title='bbox 647 3791 818 3876; x_wconf 67' lang='lat' dir='ltr'>quominus,</span> <span class='ocrx_word' id='word_1_279' title='bbox 832 3811 897 3854; x_wconf 88' lang='lat' dir='ltr'>rem</span> <span class='ocrx_word' id='word_1_280' title='bbox 910 3791 1009 3876; x_wconf 92' lang='lat' dir='ltr'>ipsam</span> <span class='ocrx_word' id='word_1_281' title='bbox 1020 3805 1169 3880; x_wconf 85' lang='lat' dir='ltr'>spectans,</span> 
     </span>
     <span class='ocr_line' id='line_1_36' title="bbox 128 3885 1169 3980; baseline 0.002 -20"><span class='ocrx_word' id='word_1_282' title='bbox 128 3898 237 3962; x_wconf 90' lang='lat' dir='ltr'>librum</span> <span class='ocrx_word' id='word_1_283' title='bbox 252 3895 504 3980; x_wconf 84' lang='lat' dir='ltr'>epigrammatum</span> <span class='ocrx_word' id='word_1_284' title='bbox 518 3895 737 3974; x_wconf 85' lang='lat' dir='ltr'>collectionem,</span> <span class='ocrx_word' id='word_1_285' title='bbox 758 3896 811 3960; x_wconf 82' lang='lat' dir='ltr'>vel</span> <span class='ocrx_word' id='word_1_286' title='bbox 823 3885 1026 3978; x_wconf 76' lang='grc' dir='ltr'><strong><em>α’νθνλόγιρν</em></strong></span> <span class='ocrx_word' id='word_1_287' title='bbox 1037 3905 1169 3975; x_wconf 83' lang='lat' dir='ltr'>vocaret,</span> 
     </span>
     <span class='ocr_line' id='line_1_37' title="bbox 129 3997 1170 4086; baseline -0.005 -21"><span class='ocrx_word' id='word_1_288' title='bbox 129 3998 305 4086; x_wconf 87' lang='lat' dir='ltr'>praesertim</span> <span class='ocrx_word' id='word_1_289' title='bbox 324 4019 419 4082; x_wconf 87' lang='lat' dir='ltr'>quum</span> <span class='ocrx_word' id='word_1_290' title='bbox 442 3998 585 4062; x_wconf 85' lang='lat' dir='ltr'>omnibus</span> <span class='ocrx_word' id='word_1_291' title='bbox 602 3999 706 4060; x_wconf 86' lang='lat' dir='ltr'>metris</span> <span class='ocrx_word' id='word_1_292' title='bbox 724 4019 798 4062; x_wconf 86' lang='lat' dir='ltr'>usus</span> <span class='ocrx_word' id='word_1_293' title='bbox 818 4009 907 4062; x_wconf 86' lang='lat' dir='ltr'>esset.</span> <span class='ocrx_word' id='word_1_294' title='bbox 949 3997 987 4062; x_wconf 85' lang='lat' dir='ltr'>ln</span> <span class='ocrx_word' id='word_1_295' title='bbox 999 3997 1112 4060; x_wconf 88' lang='lat' dir='ltr'>Suidae</span> <span class='ocrx_word' id='word_1_296' title='bbox 1125 4001 1170 4060; x_wconf 89' lang='lat' dir='ltr'>le-</span> 
     </span>
     <span class='ocr_line' id='line_1_38' title="bbox 129 4098 1170 4182; baseline -0.008 -12"><span class='ocrx_word' id='word_1_297' title='bbox 129 4103 199 4170; x_wconf 82' lang='lat' dir='ltr'>xico</span> <span class='ocrx_word' id='word_1_298' title='bbox 223 4111 325 4177; x_wconf 86' lang='lat' dir='ltr'>autem</span> <span class='ocrx_word' id='word_1_299' title='bbox 346 4098 524 4180; x_wconf 78' lang='lat' dir='ltr'>saepissuue</span> <span class='ocrx_word' id='word_1_300' title='bbox 542 4101 584 4162; x_wconf 84' lang='lat' dir='ltr'>ita</span> <span class='ocrx_word' id='word_1_301' title='bbox 596 4099 673 4162; x_wconf 86' lang='lat' dir='ltr'>tituli</span> <span class='ocrx_word' id='word_1_302' title='bbox 685 4101 866 4180; x_wconf 86' lang='lat' dir='ltr'>indicantur,</span> <span class='ocrx_word' id='word_1_303' title='bbox 888 4100 1059 4182; x_wconf 86' lang='lat' dir='ltr'>eodemque</span> <span class='ocrx_word' id='word_1_304' title='bbox 1074 4098 1170 4162; x_wconf 89' lang='lat' dir='ltr'>modo</span> 
     </span>
    </p>
   </div>
   <div class='ocr_carea' id='block_1_7' title="bbox 0 0 1468 4816">
    <p class='ocr_par' dir='ltr' id='par_1_8' title="bbox 0 0 1468 4816">
     <span class='ocr_line' id='line_1_39' title="bbox 0 0 1468 4816; baseline 0 0"><span class='ocrx_word' id='word_1_305' title='bbox 0 0 1468 4816; x_wconf 95' lang='lat' dir='ltr'> </span> 
     </span>
    </p>
   </div>
  </div>
 </body>
</html>
