2918 4806
1123 333 1167 396 81

118 510 190 556 essu
216 487 334 574 ,ιαιινιὶ
356 482 535 575 Kuuoloao,
564 514 608 557 uo
600 487 809 574 ’.ἔκπωμα
819 497 839 530 “
873 491 959 574 Quid
981 496 1064 560 enim
1082 496 1165 560 allud

118 594 193 657 iude
207 615 298 696 quam
313 593 440 680 Cyprius
454 617 565 658 vocem
583 594 748 678 ἔκπωμα
738 617 909 676 ignorasse,
932 610 962 660 et
982 609 1037 684 pro
1052 619 1119 674 ea,
1122 621 1165 674 ,so

119 693 227 780 lelloi“
250 685 379 777 diilsse,
399 700 556 784 sequitur?
584 699 656 762 Nun
678 700 770 778 igitur
795 721 892 760 unum
918 699 1042 786 aliquod
1062 701 1164 788 poculi

121 819 217 881 gertus
238 802 403 879 habemus,
426 804 464 865 ab
485 803 607 887 reliquis
628 799 798 878 diversum,
820 800 876 864 sod
895 807 1080 868 vocabulum
1102 803 1163 886 Cy-

119 903 263 986 priortun.
306 905 391 966 Haec
405 917 450 967 est
464 906 644 990 opiniunmn
655 902 807 986 Pamphili
828 913 858 964 et
869 901 1005 968 Philotae
1019 906 1164 968 differen-

118 1005 177 1082 tia,
200 1025 294 1090 quam
312 1023 406 1066 nemo
427 1007 607 1067 nostratium
627 1016 763 1066 accurate
781 1005 943 1084 intellexit,
966 1007 1041 1069 dum
1054 1006 1163 1070 Eusta-

118 1109 200 1170 thius
221 1119 323 1193 aperte
347 1107 483 1170 Philotae
505 1111 604 1183 favet,
625 1127 688 1166 nun
710 1104 881 1191 Pamphilo
923 1106 1084 1170 Adeamus
1105 1109 1163 1188 igi-

119 1222 166 1271 tur
180 1209 386 1292 Hesychiurn,
408 1207 490 1294 apud
500 1229 593 1293 quem
607 1207 733 1286 vestigia
751 1227 875 1287 eorum,
897 1231 974 1294 quae
985 1209 1162 1295 Pamphilus

119 1311 210 1390 dixit,
232 1334 290 1374 nos
304 1313 474 1397 reperturos
492 1331 559 1374 esse
573 1331 693 1396 sperare
703 1327 883 1394 possumus,
905 1313 964 1374 nisi
983 1315 1061 1374 forto
1075 1310 1161 1372 codis
1192 1367 1196 1380 ,

118 1415 160 1476 cis
179 1410 276 1478 nostri
298 1417 482 1499 corruptelae
502 1434 590 1499 spem
611 1410 744 1473 eludunt.
794 1411 844 1474 Ac
864 1415 928 1474 iam
948 1415 1082 1499 primum
1102 1434 1160 1476 nos

17 1557 26 1576 ι
114 1517 336 1602 advertithaeo
350 1519 467 1596 glossa:
490 1511 591 1592 Ἅλυι,
611 1509 804 1592 θάλασσαν,
826 1510 848 1599 ’l
871 1509 979 1594 οἶνος,
1003 1510 1162 1595 Κύπριοι.ι

114 1619 279 1683 Discimuu¹
293 1619 392 1696 enirn,
425 1612 489 1682 ἅλα
516 1639 581 1678 ιιοιι
607 1619 811 1680 accusativum
835 1594 936 1680 soluin
957 1641 1048 1696 esse,
1077 1613 1161 1703 quod

114 1719 218 1806 ipsrun
232 1733 338 1806 postea
352 1719 462 1782 iterum
478 1720 657 1804 explicatur,
680 1717 787 1780 ubido
806 1720 934 1782 vocibus
955 1715 1074 1795 doute,
1097 1714 1160 1782 ula

114 1823 194 1887 δῖαν
214 1842 315 1887 sermo
332 1822 511 1899 instituitur,
532 1821 587 1884 sed
609 1821 701 1882 etiarn
721 1825 944 1887 nominativum
959 1820 1087 1906 Cypriae
1101 1843 1161 1883 uo:

115 1927 170 1988 cis.
217 1909 371 2010 Disputari
392 1936 495 1986 tamen
514 1935 616 2008 potest
640 1922 679 1984 de
700 1926 820 1988 alterius
844 1928 929 1988 vocis
946 1925 1062 2010 spiritu.
1112 1919 1158 1983 Ea
1248 1921 1250 1924 ’

115 2029 200 2090 ιιιιίιιι
219 2040 265 2090 est
283 2028 471 2109 Hesychiani
490 2028 580 2088 lexici
599 2027 691 2104 ratio,
718 2029 781 2088 iam
801 2027 854 2088 diu
874 2028 981 2090 criticis
1001 2038 1090 2102 notu,
1111 2036 1158 2102 ut,

114 2132 220 2215 spiritu
233 2133 386 2210 neglecto,
410 2129 484 2191 duas
498 2139 630 2214 apponat
643 2131 784 2192 notiones
798 2129 948 2207 diversas,
971 2150 1098 2214 quarum
1113 2129 1157 2188 al-

115 2244 179 2294 tera
200 2231 240 2294 ad
260 2231 398 2317 spiritmn
426 2251 582 2317 asperum,
606 2252 705 2315 ‘quem
727 2245 852 2311 vocant,
882 2235 975 2296 altera
994 2231 1035 2294 ad
1054 2233 1160 2292 lenem

114 2334 259 2418 pertinot3
288 2336 340 2395 cir.
359 2332 479 2396 Alhert.
500 2332 539 2394 ad
562 2334 696 2414 Hesych.
716 2333 746 2413 l,
767 2357 798 2420 pt
822 2335 857 2413 4,
879 2337 910 2397 in
931 2337 993 2396 fine
1006 2345 1070 2396 not.
1093 2335 1161 2394 oet.

114 2436 302 2520 alihieaepc.
346 2434 451 2514 Quare
473 2438 530 2502 hac
552 2437 603 2498 via
625 2435 767 2518 equidem
783 2437 822 2498 de
835 2438 940 2521 spiritu
954 2437 1031 2496 nihil
1045 2433 1160 2494 disoer-·
1199 2465 1206 2473 ι

113 2559 197 2599 nam.
241 2535 304 2598 Sed
320 2551 351 2602 ut
373 2539 498 2602 adrem
518 2536 696 2614 redeamus,
718 2561 820 2600 utrnne
839 2537 872 2598 id
885 2539 1021 2598 maximo
1036 2527 1156 2594 memo·-
1263 2533 1265 2536 ’

113 2641 209 2713 ruhile
228 2656 274 2707 est
292 2656 323 2705 et
335 2665 393 2706 nos
413 2641 454 2704 ad
473 2642 538 2706 vini
556 2642 701 2726 poculum
714 2641 792 2725 rapit
805 2634 1051 2724 quodammodo,
1074 2633 1159 2694 cuius

113 2763 232 2810 nomen
245 2747 355 2809 abhoc
370 2744 535 2808 deductum
557 2743 595 2806 sit
608 2741 691 2827 apud
707 2740 859 2828 Cyprios?
894 2740 940 2802 At
961 2751 1073 2802 vocem
1094 2729 1159 2796 ἅλα·

113 2848 242 2934 excipit,
268 2843 418 2929 „ollulld
447 2833 622 2928 μέλαν,
595 2867 622 2928 ῳ
649 2837 861 2927 γράφομεν*
912 2837 1059 2920 Quare
1035 2860 1061 2900 si
1085 2834 1157 2954 quid

112 2951 207 3016 video
221 2948 341 3010 Allrorti
355 2947 486 3032 suspicio
501 2969 565 3008 non
577 2949 681 3032 inepta
694 2951 757 3025 ost,
777 2946 843 3030 qui,
865 2944 950 3030 I,p
972 2939 1051 3017 215,
1072 2937 1156 3023 prio-

112 3073 181 3116 rem
191 3071 304 3114 vocem
316 3051 375 3112 huc
393 3050 542 3136 pertinere
559 3051 695 3128 coniicit,
718 3061 750 3110 ut
768 3049 916 3129 significet
936 3067 978 3120 „u
980 3041 1087 3105 ἴθυνα
1108 3029 1154 3100 ol-

113 3160 203 3220 νον*
195 3156 214 3190 “
257 3151 381 3216 Deinde·
402 3174 476 3217 veru
494 3174 558 3214 non
578 3151 796 3237 praetereunda
816 3163 903 3228 sunt,
924 3167 1002 3232 quae
1023 3161 1155 3226 sequun-

114 3270 161 3319 uu
181 3248 344 3336 ἰ’Ᾱλαβή·
364 3251 494 3339 λιγνύς·
518 3251 640 3332 σποδός
662 3258 819 3337 κανκῑννς
842 3247 1004 3329 Κυπρίων
1026 3240 1161 3324 uuollut

116 3357 245 3443 Αλὸιβη·
272 3351 434 3441 ἄνθρακες
442 3363 462 3396 “
488 3379 566 3442 quae
587 3357 717 3420 editores
739 3377 847 3420 omues
869 3356 902 3416 in
915 3366 1060 3428 magnam
1075 3341 1156 3402 difli-
1203 3369 1204 3373 ,
1246 3381 1250 3390 .

117 3465 260 3526 cumton
276 3464 394 3523 molem
415 3461 619 3522 coniecemuu
659 3459 696 3520 ln
717 3458 838 3522 Alherti
858 3467 931 3518 nota
953 3448 992 3510 ad
1012 3448 1094 3508 hunc
1107 3445 1161 3504 lo-‘'

118 3585 187 3628 omn
199 3561 457 3650 interpretandum
476 3561 587 3644 scripta
608 3561 846 3640 coniecturarum
867 3556 940 3619 satis
956 3551 1089 3636 amplam
1104 3568 1157 3607 co-

117 3670 218 3760 piam,
240 3667 312 3729 corti
325 3687 398 3729 vero
418 3663 496 3726 nihil
512 3661 694 3746 reperimus
734 3657 879 3720 Idcirco
870 3679 903 3716 m
925 3656 985 3716 hoc
1005 3651 1156 3716 uocabulo

117 3772 255 3858 inprimis
275 3765 426 3831 &hostio
448 3765 574 3844 galima
593 3760 768 3826 hahendam
786 3782 854 3824 esse
873 3757 1084 3838 intelligimus,
1106 3753 1158 3838 qul

118 3871 217 3934 uuna
231 3869 369 3932 codicem
382 3887 501 3932 summu
525 3867 678 3948 diligentia
697 3863 826 3940 evolvit,
849 3873 879 3924 et
893 3862 1004 3922 haecce
1016 3857 1158 3944 repperit,

119 3979 170 4038 cfr.
189 3973 347 4060 Supplom
370 3993 403 4056 p·
424 3972 477 4036 50
467 3964 655 4052 ,,Ἀλιιβή·
677 3962 808 4050 myrtis,
831 3957 968 4040 σποδὸς,
988 3963 1159 4040 καρκῖνος·

118 4072 187 4144 ὑπὸ
209 4071 248 4142 til
267 4072 430 4157 Κυπρίων
451 4071 617 4158 puolw
637 4073 791 4156 inquibus
811 4059 945 4192 verba
924 4061 993 4132 oud
1015 4057 1050 4128 δι
1072 4073 1161 4146 typo-
