2918 4806
109 565 178 608 non
192 541 348 614 mirabitur
366 543 393 608 si
413 543 503 606 huius
524 543 666 606 vocabuli
684 563 725 605 ne
743 543 906 610 minimum
924 543 1048 630 quidem
1062 545 1156 631 vesti-
1200 590 1202 597 ·

109 649 197 726 gium
221 646 255 708 in
276 645 478 729 Hesychiano.
493 645 592 708 lexico
622 646 759 708 cernitur.
808 645 858 708 Ac
881 649 1012 710 multum
1038 669 1155 727 vereor,

108 771 152 812 ne
165 748 199 810 id
213 750 278 810 iure
292 750 358 810 fieri
370 759 510 834 nequeat.
542 747 665 812 Etenim
677 747 796 834 Atticas
809 750 924 827 glossas
936 771 1049 830 magno
1063 749 1155 814 Pon-

108 853 188 937 phili
204 873 295 938 opere
309 852 404 916 fuisse
419 853 667 935 comprehensas,
692 873 761 914 cum
774 852 869 912 multa
883 849 1009 929 docent,
1029 864 1095 914 turn
1107 852 1156 916 ni-

109 957 156 1016 hil
169 955 365 1040 praeclarius,
388 975 479 1040 quarn
498 951 581 1038 quod
599 951 757 1016 Theodori
770 951 872 1016 Attica
886 956 1036 1017 voeabula
1056 956 1094 1016 ab
1113 975 1163 1022 eo,

109 1069 231 1142 recepta
249 1057 358 1134 fuisse,
382 1077 421 1118 ex
441 1054 622 1138 Athenaeo,
645 1054 727 1133 XV,
750 1061 828 1133 677,
850 1059 881 1119 b.
904 1054 1057 1120 discimus.
1099 1055 1155 1124 Ni-

109 1161 156 1222 hil
167 1161 258 1239 igitur
270 1169 405 1244 superest
416 1159 520 1236 nobis,
542 1179 634 1242 quarn
647 1169 681 1218 ut
692 1160 770 1220 hamc
784 1179 906 1244 quoque
918 1179 1030 1222 vocem
1043 1159 1076 1220 in
1089 1159 1155 1240 Ho-

109 1263 219 1345 sychio
234 1259 437 1346 quaerendam
457 1271 623 1333 statuamus
636 1283 713 1324 esse.
756 1259 876 1322 Atnon
888 1261 1048 1324 invenitur.
1091 1260 1155 1325 Nc-
1216 1295 1218 1298 ·

110 1385 171 1448 que
187 1361 418 1448 Casauboniana
436 1365 580 1449 scriptura
603 1359 743 1450 ,ζΌννξ“
764 1383 855 1447 quam
871 1360 1155 1442 schweighaeuseri

111 1463 234 1527 codices
254 1487 317 1545 non
339 1477 521 1545 agnoscunt,
554 1487 590 1528 ao
610 1478 764 1551 praeterea
786 1466 863 1527 nihil
885 1465 1094 1543 commendat,
1122 1466 1156 1538 in

92 1568 268 1649 -Hesthio
283 1579 389 1647 exstat,
412 1570 463 1630 cfr.
479 1567 656 1648 Schweigh.
670 1566 811 1630 Animrn.
827 1571 889 1632 vol.
904 1567 959 1646 Vl,
969 1591 999 1653 p.
1012 1569 1076 1634 252
1089 1591 1153 1654 seq.

112 1667 216 1748 Quare
242 1668 399 1755 equidem,
420 1681 577 1754 utramque
600 1691 713 1733 vocem
726 1664 840 1746 ’Όλλιξ
861 1683 891 1732 et
903 1665 1023 1747 Ὄννξ,
1044 1673 1155 1734 falsam

112 1793 180 1836 esse
195 1784 226 1834 et
236 1767 402 1850 Ὁλκαῖον,
415 1775 466 1834 vel
482 1766 621 1835 Ὅλνλιον
637 1773 698 1851 legi
721 1771 832 1835 debere
844 1773 988 1857 suspicor.
1011 1772 1061 1834 De
1076 1795 1155 1838 voce

109 1868 263 1940 Ὁλιιαλον
283 1876 472 1957 Hesychius:
493 1871 648 1958 ,,λειιόνη,
669 1869 805 1955 vinclo,
826 1868 985 1956 κρατηρ.“
1027 1875 1078 1939 De
1096 1897 1154 1939 vo-

113 1971 306 2054 οοὋλκιον·
328 1971 428 2060 μέγας
448 1970 590 2061 κρατὴρ,
612 1972 746 2057 λουτὴρ.
775 1974 960 2061 Quanquam
974 1977 1057 2039 enirn
1069 1976 1154 2066 Pho-

112 2080 144 2140 tii
164 2081 286 2142 lexicon
307 2073 477 2156 ,,ὁλιιεῖον·
504 2079 647 2162 χαλκοῦς
668 2073 781 2160 λέβης,
810 2082 896 2159 τρεῖς
919 2074 1026 2153 ιιόόας
1046 2073 1153 2160 όχινν“

112 2179 204 2244 habet
224 2193 254 2242 et
269 2182 345 2244 itaa
366 2184 469 2263 ligneo
484 2185 595 2267 poculo
616 2203 675 2243 nos
694 2193 848 2244 removet:
875 2193 946 2244 sunt
965 2192 1069 2244 tamen
1093 2182 1154 2262 alii,

112 2296 144 2344 nt
169 2284 298 2362 Pollux,·
317 2283 368 2364 X,
393 2282 471 2363 134,
500 2286 559 2368 qui,
572 2276 668 2360 όλιιία
691 2284 821 2368 explicat
839 2305 922 2366 voce¹
941 2278 1100 2366 πηδάλια,
1123 2294 1155 2346 et

113 2388 300 2472 Hesychius,
328 2387 380 2470 qui
400 2387 442 2448 ait
471 2381 604 2464 ,,όλιιοό·
634 2383 670 2448 αἱ
689 2383 849 2469 μηχαναὶ,
881 2383 930 2462 δι,
952 2374 1002 2449 νόν
1024 2385 1162 2468 αλνῆες,

112 2490 371 2564 νεωλκοῦνται,“
392 2491 444 2575 qui
460 2512 498 2552 eo
520 2510 577 2551 nos
595 2486 750 2550 reducunt.
794 2485 963 2548 Deducitur
985 2488 1069 2550 enirn
1090 2509 1154 2553 vox

113 2594 239 2668 averbo
257 2587 341 2656 ἕλκω
362 2604 394 2654 ct
412 2593 489 2653 nihil
507 2591 656 2670 continet,
673 2588 762 2673 'quod
780 2588 821 2650 ad
839 2589 999 2650 materiam
1019 2591 1154 2650 reseren-

113 2693 186 2757 dum
199 2696 253 2773 sit,
276 2697 327 2756 cfr.
345 2693 521 2772 Schneider.
534 2694 638 2755 inleso
663 2687 768 2754 Graec.
783 2711 808 2752 s.
820 2710 851 2753 v.
873 2683 1017 2774 ὁλκαῖον.
1061 2690 1154 2755 Diffi-

113 2797 204 2858 cultas
227 2798 288 2858 alia
314 2799 405 2860 simul
425 2799 546 2860 tollitur.
599 2792 762 2874 Quaeritur
781 2793 886 2870 enim,
916 2813 968 2854 cur
996 2787 1154 2860 ’.Ολιιαῖον

111 2897 291 2982 Athenaeus
306 2901 472 2979 omisisset,
494 2900 546 2984 qui
563 2919 633 2960 eam
644 2917 756 2961 vocem
770 2898 849 2958 bene
863 2908 991 2958 noverat
1010 2908 1040 2960 et
1054 2899 1101 2962 bis
1114 2919 1154 2961 ex

111 2999 248 3086 Epigono
269 2987 380 3081 attulit,
401 3026 431 3089 p.
455 3001 534 3078 472,
556 3022 575 3061 a
597 3011 629 3062 et
648 2998 720 3062 480.
742 3000 773 3061 b.
815 2996 912 3082 idque
931 2999 1032 3084 ipsum
1051 3001 1153 3087 poculi

111 3127 205 3186 genus
218 3106 301 3193 apud
313 3107 471 3169 Pollucem
492 3105 636 3184 legimus,
657 3100 719 3179 VI,
742 3106 793 3165 99.
836 3100 882 3164 Ar
902 3102 945 3164 ita
964 3125 1085 3190 quoque
1103 3105 1153 3167 iu-

111 3220 190 3272 stum
201 3213 423 3272 elementorum
437 3206 576 3269 ordinem
587 3212 654 3267 'non
666 3205 859 3270 restituimus.

96 3332 98 3339 ·
196 3311 337 3397 Sequitur
353 3310 475 3394 Athen.
495 3333 525 3394 p.
548 3306 624 3385 495,
653 3328 671 3368 a
693 3301 892 3388 ,,Πρόαρον·
914 3301 1041 3389 κρατήρ
1063 3301 1152 3383 §lara

110 3435 186 3492 νος,
216 3414 261 3490 εἰς
288 3408 329 3478 ὃν
357 3407 417 3479 τόν
438 3406 533 3484 οἶνον
554 3411 709 3490 κιρνᾶσιν
731 3407 766 3472 ol
787 3403 927 3472 Ἀιιιιιολ
948 3407 1093 3484 ,κοίλοις
1116 3403 1153 3471 όν

109 3512 293 3598 ιιροόροις“Ι
320 3513 402 3602 φησὶ
425 3509 632 3596 nicanora
681 3511 797 3574 Omnia
823 3511 1002 3595 poculorum
1032 3529 1152 3588 genera,

110 3643 187 3710 quae
209 3642 227 3683 a
247 3640 271 3684 ιι
293 3628 478 3681 consonante
497 3616 660 3700 incipiunt,
686 3614 728 3675 ita
750 3611 892 3696 deinceps
919 3611 1055 3694 exposita
1084 3623 1154 3674 sunt

110 3717 400 3806 ,ααναόηναϊκόν,
429 3714 596 3804 πρόαρον,
626 3715 772 3791 πελίκαι,
805 3709 919 3786 πόλλα,
938 3708 1153 3790 αινιααλόα,

110 3821 281 3908 αόααχνον.
302 3821 481 3910 πλημοχόη,
502 3821 639 3904 coloris,
664 3813 839 3902 αροηόιης,
857 3811 1040 3896 ιιρονσιός“
1065 3839 1153 3904 prae7

113 3920 326 4005 [οιαρόαρον
345 3937 480 3988 accurate
498 3949 538 3988 ex
559 3927 723 3988 litterarum
744 3921 861 3984 ordine.
903 3918 949 3980 Ea
968 3931 1153 3988 autem,va

111 4029 142 4090 in
167 4030 316 4110 Hesychii
340 4031 439 4096 lexico
470 4033 578 4092 frustra
607 4029 772 4113 quaeritur3
816 4021 914 4110 quid?
956 4021 1040 4108 quod
1072 4033 1152 4082 recte

112 4127 419 4214 Schweighaeuserus
441 4132 549 4212 „huius
570 4129 730 4212 vocabuli“
752 4127 792 4188 ait
813 4127 846 4188 in
859 4123 1000 4210 Animrn.
1018 4124 1080 4187 rol.
1097 4121 1152 4200 Vl,
