2894 4816
183 368 189 380 ’
278 385 321 456 eo

283 563 373 626 1101.
405 550 560 640 Ῥόμβος·
592 549 729 639 Ψόφος,
760 551 923 638 στρόφος·
954 541 1180 639 ἦχοςῇδΐνος·
1212 535 1320 632 κεῖνος

282 655 453 745 ξαλήριον·
475 648 518 724 οὗ
545 652 676 742 ἐξῆπται
698 655 859 740 σχοινίον·
888 654 944 722 καί
965 653 1002 722 έν
1021 662 1093 734 ταῖς
1111 661 1252 734 τελεταῖς
1275 657 1320 724 δι-

281 769 393 831 νεῖται.
401 765 420 798 “
462 760 584 826 Deinde
600 773 779 846 sequuntur:
803 757 987 843 Ῥομελίας,
1013 756 1174 842 μετέωρος
1194 781 1320 842 περιτο·

282 869 345 953 μῆς
367 859 593 946 ἄναροίζηί*
615 874 682 926 cett.
705 867 909 949 (χειροτονία,
931 875 966 924 ut
982 865 1064 926 bene
1077 857 1319 928 videruntinter-

282 965 579 1057 pretes'seiungenda
595 977 673 1029 sunt.
714 959 882 1048 Ῥομελίας
894 999 936 1013 -
949 969 1125 1049 περιτομῆς
1146 967 1185 1030 ad
1204 989 1319 1032 sacram

283 1076 415 1154 glossam
432 1072 590 1156 pertinent.
640 1069 781 1156 Denique
802 1069 848 1150 ll,
870 1073 961 1134 1126.
993 1063 1164 1152 χρόμβος,
1193 1069 1318 1145 δίνος.“

282 1173 420 1238 Adverte
434 1174 585 1250 animum,
607 1175 714 1252 lector,
737 1195 828 1258 quam
841 1176 935 1234 multa
952 1174 1020 1234 loca
1032 1173 1098 1235 sine
1118 1175 1177 1248 ulia
1191 1171 1318 1235 difficul-

281 1289 342 1339 tate
359 1277 465 1356 conigi
480 1275 611 1362 possint,
633 1286 720 1336 antea
733 1273 917 1337 difficillimis
930 1273 1134 1337 adnumerata.
1147 1313 1188 1323 --
1217 1275 1317 1338 Schol.

283 1380 341 1442 Ms.
363 1377 474 1440 codicis
500 1381 590 1442 1983.
609 1376 649 1439 ad
664 1377 894 1458 Hermogenem
913 1357 987 1459 bebi
1010 1373 1226 1462 σεμνότητοςε
1255 1379 1318 1442 Σε-

284 1477 435 1564 σηρέναι,
471 1476 654 1563 κεχηνέναι·
688 1479 784 1562 δηλοῖ
809 1476 845 1544 δέ
872 1477 929 1545 ναί
955 1475 994 1545 τὸ
1021 1484 1136 1570 γελᾷν,
1167 1476 1213 1556 ὥς
1239 1493 1318 1564 φησι

283 1577 526 1666 Διογενιανόςίί
552 1584 687 1666 Hesych.
709 1583 753 1663 H,
779 1587 869 1648 1171.
899 1573 1056 1669 ,πέσημα
1087 1585 1166 1670 γελᾷ
1188 1581 1317 1659 δολίως·

282 1683 380 1769 ψύχει
401 1681 479 1762 τούς
507 1680 673 1776 όὸόνταςίι
703 1675 894 1771 σεοηρέναι·
921 1690 1021 1773 ηελᾷν
1046 1688 1272 1770 προςποιητῶς
1290 1696 1319 1747 et

283 1811 361 1875 quae
379 1801 550 1874 sequuntur.
568 1826 606 1838 ·—
628 1789 663 1853 In
681 1789 814 1872 Etymol.
837 1790 1002 1854 Parisiis.
1032 1786 1154 1871 „a‘t'dew
1174 1784 1266 1870 παρὰ
1284 1783 1319 1853 τὰ

282 1887 415 1956 ὑᾶδειν·
445 1889 528 1957 κατὰ
558 1889 730 1977 σννκοιιην
760 1889 1000 1972 cotidiene,
1033 1890 1077 1971 οἷς
1105 1905 1187 1976 φησι
1208 1897 1319 1974 Διομε-

94 2028 102 2036 -
179 2047 182 2050 .
282 1990 436 2069 νιανός.“
461 1994 582 2058 Deinde
610 1990 731 2073 „a'idew
752 1993 901 2078 σημαίνει
922 1991 960 2060 τό
983 1990 1124 2080 ὑμνεῑνίι
1146 2005 1214 2058 cett.
1257 1996 1319 2056 He-

280 2099 366 2178 sych.
385 2095 430 2174 tl,
458 2095 548 2160 1443.
577 2092 723 2175 ,,”1’ὃειν·
751 2090 886 2178 ὑμνεῖν,
909 2093 1018 2182 ᾅδειν,
1040 2094 1181 2180 λέγειν.“
1224 2097 1319 2160 Deni-

283 2219 341 2282 que
353 2197 474 2259 Bastius
493 2199 526 2258 in
544 2199 660 2259 scholio
683 2201 792 2283 partim
812 2197 928 2261 inedito
944 2200 1056 2264 codicis
1069 2200 1161 2263 Paris.
1175 2204 1266 2265 1983.
1282 2197 1319 2261 ad

281 2301 427 2378 Hermog.
444 2296 519 2380 περί
542 2299 638 2362 ἰδεῶν
660 2303 747 2362 affert
762 2301 874 2388 aliquid
890 2301 930 2364 de
942 2323 1020 2366 voce
1034 2297 1218 2379 ὑπόξυλος,
1237 2303 1320 2364 cuitu

92 2415 97 2428 ¹
151 2409 154 2413 ’
281 2403 398 2466 nullum
420 2411 466 2464 est
485 2401 565 2488 apud
589 2403 779 2486 Hesychium
797 2403 968 2484 uestigium.
1025 2397 1071 2463 At
1090 2405 1193 2488 quaeri
1211 2416 1318 2490 potest,

280 2515 381 2565 utrum
398 2503 436 2566 ad
453 2517 591 2568 nostrum
603 2508 730 2586 librum,
751 2529 790 2568 an
812 2503 851 2568 ad
870 2507 963 2568 alium
981 2505 1172 2590 pertinuerit,
1194 2527 1254 2590 quo
1270 2527 1319 2567 se-

280 2603 407 2690 paratim
432 2605 582 2690 Aeschyli
612 2612 730 2689 glossae
753 2609 961 2670 tractabantur.
995 2603 1136 2668 ¹Dictum
1164 2608 1247 2669 enim
1276 2617 1319 2670 est

284 2705 474 2790 ,,Αίσχνλος
495 2705 532 2774 έν
549 2707 694 2790 Πέρσαις
715 2706 892 2793 μέμνηται,
915 2704 973 2770 καὶ
987 2705 1205 2792 Διογενιανός
1222 2705 1260 2775 έν
1279 2711 1319 2795 τῇ

281 2805 363 2886 λέξει
387 2806 510 2882 τούτου
519 2813 537 2844 “
559 2815 610 2873 cfr.
625 2809 722 2874 Bekk.
738 2809 879 2873 Anecdd.
894 2807 954 2887 HI,
971 2831 1006 2896 p.
1023 2815 1113 2874 1073.

365 2911 557 2974 Postremum
575 2915 677 2974 locum
696 2916 773 2976 inter
805 2935 874 2991 eos,
903 2913 1010 2996 quibus
1042 2911 1227 2993 Diogeniani
1259 2907 1319 2978 ira·

282 3025 402 3092 gmenta
425 3013 588 3091 debemus,
618 3017 737 3078 servavi
759 3015 993 3094 Choerobosco3
1021 3013 1073 3099 qui
1094 3035 1140 3102 ap.
1164 3015 1262 3080 Beldc.
1287 3019 1317 3078 in

183 3147 188 3160 .
281 3111 422 3174 Anecdd.
436 3113 536 3174 indice
549 3135 612 3174 non
623 3137 689 3176 raro
704 3115 885 3200 producitur.
907 3135 936 3200 p.
948 3115 1038 3180 1395.
1060 3117 1224 3197 ,,Λοιμία·
1247 3115 1320 3205 duo·

280 3233 327 3295 μα
348 3207 486 3291 κύριον·
508 3211 622 3297 μέμονε
643 3211 678 3279 δέ
699 3211 720 3300 ἡ
742 3211 826 3298 νυνι)
840 3215 1031 3298 Δημητρίου
1042 3220 1104 3282 τοῦ
1126 3214 1315 3303 Φαληρέως·

281 3311 406 3379 ἔστιδὲ
427 3313 482 3380 ναί
503 3315 748 3398 προςηγορικὸν
774 3314 816 3382 ταί
844 3314 1006 3402 χάσματα·
1039 3315 1127 3384 οὕτω
1148 3327 1318 3406 Διογενια-

279 3413 368 3493 νός.“
398 3413 455 3483 Ge.
485 3417 636 3482 Choerob.
669 3419 735 3482 cod.
760 3419 830 3483 Bar.
888 3419 952 3485 Sub
982 3443 1060 3486 voce
1086 3421 1212 3505 Λοιμία
1243 3425 1317 3486 nihii

278 3521 371 3582 habet
392 3523 578 3605 Hesychius,
607 3543 706 3608 neque
725 3525 824 3609 potuit
849 3525 976 3603 habere,
1007 3514 1101 3610 quum
1120 3547 1179 3611 pro
1196 3527 1319 3610 Λοιμία

278 3619 435 3686 Bekkerus
456 3623 566 3706 Λαμία
591 3627 720 3688 scribere
747 3625 909 3689 debuisset.
958 3625 1038 3690 Nam
1056 3623 1148 3706 Diog.
1162 3627 1260 3690 Laert.
1286 3630 1317 3689 in

198 3769 206 3774 .
278 3720 430 3803 Detnetr.,
458 3723 505 3807 V,
528 3731 577 3792 76.
607 3727 646 3790 de
664 3727 822 3790 Demetrio
858 3724 1065 3810 ,,ουνρ1κει,“
1095 3731 1150 3810 ait,
1180 3729 1319 3814 „Aaou

278 3825 319 3908 τῇ
341 3821 513 3910 ἐρωμένηνι
535 3834 586 3892 cfr.
599 3831 720 3908 Menag.
742 3841 773 3890 et
785 3828 913 3912 Gasaub.
928 3829 966 3890 ad
982 3833 1012 3892 h.
1026 3834 1045 3893 l.
1068 3831 1202 3912 Hesych.
1225 3837 1317 3912 „Au-

278 3924 353 4007 μία·
381 3927 505 4012 θηρίον
525 3928 580 3994 καὶ
601 3927 686 4014 γυνή
707 3951 756 4005 τις
777 3922 911 4012 ἀρχαία,
943 3927 1031 3996 οὕτω
1053 3929 1240 4018 καλουμένη
1262 3933 1317 3999 Λί-

277 4029 404 4111 βυσσαι(
427 4026 569 4116 Λάμβαι·
587 4026 797 4115 τέ’χέσματα
820 4025 840 4116 ἣ
861 4031 895 4096 οἱ
915 4024 1013 4114 μόνον
1034 4035 1103 4100 τοῖν
1124 4027 1316 4117 ἀνθρώπων

240 4193 242 4200 ,
277 4129 332 4194 καί
360 4131 482 4216 tzod&
509 4136 562 4198 ubi
580 4134 759 4214 taunasim,
789 4147 820 4197 et
837 4131 973 4219 Grryetus
993 4133 1141 4222 Λάμναι,
1170 4137 1317 4220 Pergents
1391 4192 1394 4202 ,
