2918 4806
1145 373 1188 439 'tr

134 537 241 598 lorum
254 533 498 621 interpretatione
511 539 606 600 multa
618 536 818 632 praetermisit
838 547 1003 626 excerptor,
1025 535 1117 626 idque
1132 563 1185 604 co-

134 649 240 716 actus,
262 639 290 700 si
312 659 392 700 resa
413 637 576 726 Pamphilo
592 641 732 702 collectas
753 641 865 704 minori
877 641 1034 705 volumine
1046 663 1185 730 compre-

100 738 106 745 ’
134 739 275 802 bendere
294 743 426 804 volebat.
471 740 612 804 Ceterum
634 764 830 829 quaecunque
851 742 1031 808 Athenaeus
1051 767 1091 808 ex
1105 744 1183 809 h'bro

133 841 292 930 Pamphili
312 840 409 922 „oapi
432 846 607 926 γλωσσῶνιι
628 821 775 908 badonas
798 847 914 925 citavit,
933 849 1040 920 ,omnia
1059 861 1184 932 suntex
1278 881 1279 888 ι

136 943 268 1008 diversis
290 942 425 1010 Graecae
444 948 564 1027 linguae
586 946 737 1027 dialectis,
769 947 873 1010 Attica
895 959 925 1009 et
943 949 1110 1032 Laconica;
1145 967 1184 1016 ex

135 1046 247 1132 poe'ta,
269 1049 475 1134 Hipponacte,
504 1049 775 1135 Romanorumque
798 1052 901 1130 lingua
919 1051 1021 1136 petita.
1065 1051 1183 1118 Titulus

135 1152 229 1230 igitur
240 1153 320 1214 bene
339 1151 503 1238 respondet
521 1155 664 1214 vocabuli
679 1154 812 1231 notioni,
836 1156 957 1237 qualem
972 1167 1091 1240 praeter
1107 1159 1183 1238 alios

138 1238 274 1318 Galenus
308 1256 462 1344 exposuit,
492 1255 524 1316 in'
545 1247 709 1340 Ἐξηγήσετ
730 1257 799 1320 τῶν
827 1250 1063 1336 Ἱπποκράτους
1081 1263 1184 1343 yion·

137 1359 225 1434 σῶν,
247 1380 277 1442 p.
293 1355 365 1422 408.
385 1356 433 1418 ed.
448 1355 554 1419 Franz.
698 1364 705 1378 '

223 1459 379 1522 Praeterea
399 1453 580 1524 Athenaeus
596 1459 792 1545 Pamphilum
814 1458 917 1536 laudat
935 1459 969 1522 in
988 1461 1064 1525 libro
1087 1460 1183 1544 „oech

136 1565 297 1646 γλωσσῶν
318 1559 373 1626 καλ
396 1554 606 1645 ὀνομάτων,“
629 1584 720 1647 quem
739 1563 873 1626 eundem
888 1585 956 1626 esse
970 1575 1054 1648 patet
1066 1587 1105 1628 ex
1115 1567 1182 1652 ipsa

137 1669 356 1731 vocabulorum
372 1666 498 1727 notione
520 1677 550 1726 et
568 1666 746 1750 repetitione
763 1667 850 1728 vocis
872 1667 1064 1747 ,,γλῶσσαε.“
1107 1666 1184 1732 Fru-

137 1779 197 1831 stra
211 1769 301 1848 igitur
315 1766 624 1847 Sclnvcighaeuserus
647 1768 680 1828 in
692 1765 794 1836 indice
806 1780 963 1830 auctomm
975 1769 1007 1830 id
1020 1792 1054 1832 se
1067 1773 1183 1834 nescire

138 1875 294 1961 consessus
313 1882 367 1934 est.
410 1868 550 1932 Accedet
570 1881 672 1932 autem
694 1891 734 1931 ex
753 1871 819 1955 ipsa
836 1893 906 1934 mea
928 1874 1184 1935 commentatione

109 2039 111 2050 ,
137 1985 349 2055 argumentum
361 1995 426 2034 non
439 1984 540 2035 tenue.
562 1973 644 2036 Nam
655 1970 772 2035 Athen.
782 1973 871 2053 XIV,
878 1996 908 2060 p.
919 1974 990 2038 660.
1004 1997 1031 2037 e.
1045 1970 1182 2058 ,,Πῶμφ.

137 2074 174 2141 ἐν
202 2079 273 2152 τοῖς
301 2072 377 2156 περὶ
407 2076 572 2139 Γλωσσῶν
599 2074 658 2154 (ita
685 2088 765 2139 recte
793 2101 851 2164 pro
881 2069 1039 2160 Γλῶσσης
1065 2079 1184 2164 scripsit
1297 2139 1300 2146 .

137 2179 338 2259 Schweigh.)
359 2198 391 2243 α.
410 2171 523 2261 Ὀνομ.
553 2169 754 2262 ,,Ἐττιμηλλς,
778 2177 896 2264 φησὶν,
932 2175 1035 2244 ἄντλον
1056 2175 1181 2261 γένοςίι,

136 2281 308 2364 Hesychius
331 2275 523 2364 ,,Ἐτιιμηλλς·
544 2277 655 2364 πόρπη
676 2277 733 2344 καὶ
756 2277 857 2346 ἀντίον
882 2279 1007 2366 γένος’.
1040 2283 1182 2350 Eandem

136 2409 201 2448 rem
221 2384 306 2447 idem
327 2384 509 2447 Athenaeus
532 2385 604 2446 alibi
619 2385 721 2467 paullo
741 2386 827 2446 aliter
844 2387 967 2471 protulit
986 2385 1047 2464 ΠΙ,
1070 2391 1121 2452 82.
1144 2387 1180 2474 d.

137 2483 324 2574 ,ξίλτιμηλλς
346 2483 571 2568 discalcient.
602 2480 683 2566 φησὶ
706 2482 900 2567 Πάμφιλος,
930 2489 999 2550 τῶν
1020 2481 1129 2552 α’ττίων
1150 2511 1182 2554 τι

136 2590 260 2676 γένοςλι,
290 2591 399 2678 quibus
426 2591 459 2651 in
488 2589 589 2652 verbis
615 2587 808 2681 Epitomator
835 2586 996 2652 Athenaei¹
1018 2592 1084 2654 τῶν
1111 2603 1182 2654 ante

135 2688 245 2760 αἰτίαν
255 2696 381 2774 ignorat,
404 2704 529 2756 notante
542 2690 720 2771 Schweigh.
738 2690 877 2754 Animm.
891 2691 930 2770 II,
953 2713 983 2778 p.
1000 2691 1049 2755 54.
1080 2691 1182 2756 Athe-

134 2821 231 2861 naeus
250 2799 353 2878 igitur,
374 2799 428 2880 ubi
443 2795 535 2858 simul
549 2794 618 2856 libri
631 2796 752 2857 titulum
768 2797 963 2873 nominabat,
980 2798 1078 2858 rerba
1093 2817 1182 2860 acccc»

133 2902 227 2962 ratius
242 2900 351 2975 attulit,
374 2899 433 2959 nisi
446 2897 565 2958 duobus
586 2899 662 2959 locis
673 2898 849 2985 Pamphilus
866 2897 904 2960 de
917 2899 1060 2962 vocabuli
1078 2899 1182 2965 notio-

134 3025 175 3064 ne
190 3000 363 3084 disputavit.
406 2996 597 3084 Quocunque
618 2999 713 3063 modo
735 3001 768 3078 id
791 2999 1009 3082 diiudicamus,
1030 3003 1181 3066 habemus

93 3139 103 3160 .
133 3106 167 3168 in
188 3104 238 3164 his
258 3102 535 3186 interpretationem
557 3101 708 3188 Pamphili
728 3106 901 3191 propriam,
929 3127 988 3192 qua
1006 3106 1058 3168 ille
1080 3105 1182 3171 areli-

133 3207 201 3293 quis
217 3205 393 3267 hominibus
407 3203 587 3285 dissidentia
610 3209 663 3268 cfr.
677 3203 785 3270 Galen.
811 3210 831 3271 l.
850 3210 913 3293 tp.
928 3207 1000 3274 426.
1014 3220 1044 3271 et
1064 3210 1182 3276 472.:et

22 3301 26 3318 “
134 3307 312 3378 Schneider,
325 3309 358 3370 in
371 3311 430 3370 lex.
451 3330 516 3372 sv.
535 3303 707 3392 ἆμαμηλίς.
750 3309 917 3374 Notionem
937 3308 1075 3372 eiusdem
1086 3329 1181 3372 voca-

134 3412 200 3474 buli
213 3413 250 3473 ab
259 3412 322 3472 'hac
336 3411 471 3473 maxime
493 3413 645 3477 diversam
666 3413 856 3494 Phrynichus
872 3410 1056 3474 memoravit
1068 3409 1101 3470 in
1116 3408 1181 3471 Σο·

134 3527 224 3598 orec.
241 3515 457 3596 Προιταρασν.
479 3537 510 3602 p.
529 3521 577 3594 17,
591 3519 632 3580 8.·
643 3517 676 3577 in
687 3513 830 3578 Anecdd.
845 3513 944 3575 Bekk.
959 3511 984 3576 Ι.
1000 3549 1039 3558 -
1061 3510 1179 3574 Athen.

133 3617 194 3696 IX,
208 3625 238 3704 p.
257 3620 328 3681 888.
347 3615 377 3678 d.
400 3608 652 3698 „hinnulisque
673 3615 708 3682 cli
730 3611 749 3682 ὁ
770 3611 1036 3697 Ἀριστοφάνειος
1057 3610 1094 3680 ἐν
1110 3617 1181 3690 ταῖς

134 3717 416 3804 ἐπιγραφομέναις
442 3711 696 3811 Ὀψαρτντιιιαῖς
723 3713 888 3803 γλῶσσαις
917 3714 973 3783 καὶ
1002 3711 1180 3802 Πάμφιλος

135 3819 154 3888 ὁ
182 3818 408 3903 Ἀλεξανδρεὺς
444 3817 481 3886 ἐν
508 3825 578 3899 τοῖς
607 3819 682 3906 περὶ
706 3816 899 3904 Ὀνομάτων
927 3819 983 3891 καὶ
1013 3823 1181 3894 Γλωσσῶν

133 3920 322 4006 Ἐπαίνετον
343 3924 561 4004 παρατίθεται
581 3924 718 4010 λέγοντα
739 3921 777 3990 ἐν
797 3927 843 4013 τῷ
863 3918 1105 4010 Ὀψαρτυτικῷ,
1127 3917 1180 3999 ὅτ.

136 4023 154 4094 o‘
178 4019 344 4114 φασιανός
367 4019 470 4105 ὅρνις.
491 4025 634 4111 τατύρας
655 4031 829 4106 καλεῖταιῆ
853 4031 1024 4115 Hesychius
1053 4021 1178 4106 „Tuni-

136 4153 197 4214 ρας
216 4126 249 4208 d*
261 4126 426 4216 φασιανὸς
446 4125 689 4215 ὅρνιςῆτΗιιίαε
711 4134 796 4197 vocis
816 4132 964 4211 Persicae,
987 4134 1040 4204 cfr.
1059 4127 1176 4206 Albert.
