2894 4816
139 553 268 616 bemus:
305 571 361 615 nec
382 549 466 617 enim
483 543 669 616 ¹clementius
699 573 769 616 cum
797 573 852 634 eo,
883 571 975 639 quam
1003 576 1073 620 cum
1093 557 1186 625 Festo

139 663 243 716 actum
260 655 332 718 est“
353 665 384 717 et
403 655 475 719 alibi
495 651 739 741 saepeeandem
759 657 940 719 sententiam
960 659 1130 744 profitebar,
1152 676 1187 726 ut

139 757 175 818 in
188 757 282 820 Leett.
295 755 460 820 Theocritt.
474 779 504 842 p.
513 755 585 828 349.
600 767 630 818 et
644 757 873 822 nottinHorat.
886 781 918 844 p.
935 759 984 823 51.
1001 758 1064 838 (ed.
1079 767 1184 848 1612.)

137 857 247 944 Neque
259 870 362 924 tamen
379 859 505 946 epistola
517 859 568 920 illa
582 863 665 939 sola,
687 857 743 923 sed
757 861 822 946 ipsa
844 862 936 923 etiam
955 865 1123 942 glossarum
1136 889 1185 930 ra.

137 961 228 1023 tio‘et
244 959 379 1023 conditio
393 971 466 1023 eu‘m
486 961 518 1022 in
540 964 620 1024 hanc
643 963 821 1049 opinionem
841 965 939 1026 traxit.
982 961 1104 1030 Deinde
1119 967 1185 1032 Go-

136 1063 218 1126 thof.
243 1062 502 1144 Jungermannus,
533 1064 695 1128 Heinsium
718 1075 853 1145 secutus,
886 1065 1078 1151 epitomatori
1103 1075 1185 1136 mala

135 1177 276 1252 precatur
288 1165 328 1229 ad
339 1165 453 1230 Polluc.
469 1165 589 1230 Onam.-
600 1190 630 1254 p.
647 1167 719 1232 451.
739 1191 770 1231 n.
783 1173 813 1232 6.
857 1167 1054 1247 „Pessimum
1066 1174 1185 1239 facinus
1215 1203 1218 1208 ·

135 1269 226 1347 fecit,
253 1269 388 1356 quisquis
409 1269 461 1330 ille
481 1268 555 1348 filit,
585 1269 636 1355 qui
657 1271 776 1333 sustulit
795 1272 986 1336 auctoritates
1006 1274 1182 1358 rar'nsimas,

55 1435 64 1445 ,
135 1371 247 1456 quibus
260 1371 449 1454 Hesychirun
466 1370 596 1434 subinde
609 1393 699 1436 usum
718 1373 813 1435 fuisse
833 1374 946 1458 patet.“
986 1372 1053 1437 Alii
1072 1375 1183 1442 eadem

134 1471 252 1536 diane
267 1471 302 1537 G.
316 1472 458 1538 Bartbius
472 1475 505 1537 in
517 1475 598 1538 notis
620 1472 660 1536 ad
676 1473 781 1538 Claud.
796 1497 827 1561 p.
851 1479 941 1540 1102
970 1524 989 1556 „
998 1478 1182 1561 Hesycbio“

133 1574 182 1637 ait
201 1577 278 1660 „qui
290 1578 463 1640 testimonia
482 1589 620 1642 veterum
641 1588 782 1640 autorum
796 1577 941 1657 exseruit,
962 1579 1116 1664 piaculum
1132 1584 1181 1646 in.

134 1679 288 1764 expiabile
313 1679 422 1742 fecit.“
477 1679 518 1742 Ut
544 1679 631 1742 brevi
658 1677 774 1758 dicam,
810 1677 954 1743 Erasmus
980 1682 1014 1744 in
1040 1682 1181 1767 Adagiis,

134 1779 314 1844 Maussaeus
328 1780 411 1845 Diss.
428 1780 500 1845 Crit.
518 1779 558 1844 ad
571 1782 793 1866 Harpocratp.
809 1781 891 1860 395,
912 1781 1108 1868 Tanaquillus
1120 1785 1180 1849 Fa-

133 1885 193 1946 ber
203 1885 235 1944 in
248 1883 355 1969 Epistt.
368 1881 408 1961 ll,
433 1887 480 1960 19,
502 1904 532 1967 p.
548 1881 599 1947 57.
615 1881 848 1946 adAnaoreont.
862 1903 893 1968 p.
905 1887 974 1947 117.
995 1885 1076 1948 Flor.
1092 1886 1180 1951 Chri-

132 1988 249 2052 stianus
269 1984 315 2049 ad*
329 1984 488 2071 Aristoph.
509 1983 580 2047 l’ac.
609 2003 639 2048 v.
663 1987 733 2048 198.
764 1982 930 2064 Kustenrs,
961 1985 1025 2050 Jos.
1047 1986 1182 2070 Scaliger

130 2091 171 2152 in
190 2088 312 2152 Primm.
335 2086 491 2167 Scaligerr.
511 2110 542 2174 p.
564 2084 790 2151 90.·A1bertus
810 2088 844 2148 in
864 2087 945 2151 notis
976 2085 1016 2150 ad
1033 2090 1180 2172 Hesychii
1252 2144 1255 2151 .

130 2189 317 2276 Epistulam,
346 2189 441 2253 Henr.
461 2189 603 2252 Valesius
629 2190 709 2254 notis
729 2190 900 2274 posthtunis
921 2188 962 2254 ad
982 2191 1127 2276 Harpocr.
1148 2215 1179 2279 p.

130 2295 209 2358 283.
235 2293 445 2378 innumerique
467 2293 519 2355 alii
543 2293 576 2353 in
604 2293 662 2354 lrac
689 2293 835 2378 opinione
864 2305 1089 2356 consenserunt.
1139 2294 1180 2358 Ut

128 2407 238 2459 tamen
253 2417 349 2458 unum
370 2397 627 2474 commemorem,
650 2396 701 2480 qui
714 2397 773 2458 illis
794 2393 969 2459 adversatus
986 2408 1047 2475 est,
1058 2460 1059 2466 ,
1070 2393 1179 2462 Godo-

128 2498 237 2562 fre'dus
252 2497 425 2585 Sopingius,
446 2498 494 2560 vir
504 2518 577 2560 vere
594 2498 771 2582 praeclarus,
794 2508 825 2559 51
838 2497 878 2559 de
891 2499 1087 2578 Hesychiano
1101 2499 1179 2562 lexi-

130 2602 417 2679 co'meritissimus,
448 2597 521 2676 (cfr.
541 2597 662 2662 Alberti
688 2600 784 2683 praef.
812 2597 853 2660 ad
875 2599 1010 2680 Hesych.
1031 2622 1061 2685 p.
1083 2600 1178 2665 XIX.

128 2727 233 2791 seqq.,
252 2705 377 2767 Pietson
392 2700 432 2764 ad
453 2701 575 2764 llloerin
593 2721 625 2786 p.
641 2699 712 2782 59.)
734 2710 769 2760 ut
787 2702 878 2762 refert
889 2697 1035 2764 Albertus
1052 2702 1086 2763 in
1098 2703 1179 2766 notis

128 2810 277 2893 repetitae
292 2803 524 2870 Schrevelianae
549 2802 691 2866 editionis
710 2801 890 2888 praefationi
904 2802 1062 2881 subiectis,
1084 2803 1178 2866 insui

56 2947 59 2953 ·
129 2911 314 2997 exemplaris
333 2910 478 2996 paginam
500 2909 586 2970 tiarlo
607 2906 676 2967 libri
690 2905 863 2990 proximam
882 2914 1000 2989 praeter
1012 2905 1070 2966 alia
1083 2907 1178 2967 muta

129 3013 209 3075 scitu
234 3011 392 3075 utilissima
420 3014 497 3073 haec
522 3029 643 3095 quoque
669 3010 764 3072 verba
789 3028 845 3070 sua
868 3027 963 3068 manu
990 3006 1176 3078 coniecerat:

129 3112 291 3194 „Addunt
309 3137 349 3177 ex
368 3116 444 3192 hoc,
466 3114 577 3175 librum
597 3114 683 3173 hune
701 3133 768 3174 esse
787 3120 905 3172 tantum
923 3107 1077 3192 epitomen
1089 3109 1176 3172 istius
1308 3187 1313 3194 ι

127 3218 236 3298 magni
254 3214 363 3303 operis.
406 3215 498 3278 Error
518 3237 650 3278 errorem
669 3215 756 3300 parit.
805 3210 887 3274 Nam
906 3221 1023 3296 praeter
1042 3210 1100 3272 ista
1113 3210 1177 3272 iam
1215 3243 1218 3250 »
1257 3215 1258 3224 ’

129 3318 212 3380 dicta
231 3321 307 3381 liber
319 3319 385 3397 hic,
415 3338 505 3402 quern
523 3319 665 3394 terimus,
686 3315 832 3402 loquitur,
862 3325 892 3374 et
912 3314 995 3397 ipsos
1016 3311 1176 3392 redargunt.

127 3419 173 3482 Ut
193 3421 277 3480 enim
297 3441 360 3480 non
380 3439 505 3498 negem,
535 3418 686 3503 quaedam
705 3417 846 3480 iniuriam
868 3415 1013 3501 temporis
1033 3414 1177 3499 carpsisse

129 3531 164 3584 et
176 3519 336 3604 polluisse,
358 3541 421 3580 non
435 3523 539 3582 ¹tamen
552 3520 662 3598 uideo,
686 3521 769 3584 cuius
789 3518 859 3582 libri
871 3519 1004 3603 epitome
1017 3528 1069 3578 aut
1091 3538 1177 3580 com-

128 3619 279 3710 pendium
301 3641 368 3683 esse
387 3630 500 3706 posset.
542 3618 703 3706 Apparent
719 3623 769 3683 hic
789 3622 909 3699 omnia,
938 3641 1015 3704 quae
1033 3620 1099 3706 ipse
1122 3641 1177 3682 au-¹

130 3735 197 3788 etor
213 3745 247 3787 se
266 3723 449 3810 praestitisse
470 3719 550 3785 dicit.
594 3720 783 3802 Argumenta
803 3724 916 3786 scilicet
934 3723 1175 3808 proverbiorum,

130 3829 189 3890 etsi
200 3829 233 3888 in
249 3827 352 3889 multis
364 3826 475 3890 vitiosa
490 3835 521 3886 51
533 3825 710 3911 imperfecta
729 3825 922 3911 reperiuntur.
966 3823 1176 3887 Authoritates

31 3961 36 3968 ·
129 3930 286 3990 rariorum*
298 3927 482 4007 dictionum,
511 3929 568 3992 etsi
587 3951 651 3992 non
672 3949 795 4006 omnes,
825 3948 864 3990 ex
884 3928 1011 3990 nornine
1033 3928 1176 4010 cuiusque

130 4029 199 4090 libri
220 4029 325 4092 citatae
344 4041 374 4093 et
394 4029 534 4093 laudatae
557 4028 722 4112 leguntur.
755 4026 840 4108 Quid
853 4028 949 4110 ,igitur
963 4039 1070 4107 restat,
1092 4025 1176 4112 quod

130 4131 201 4192 huie
229 4131 339 4218 scripto
365 4131 472 4200 deest?
510 4131 583 4218 quid
611 4131 711 4212 deest,
740 4131 822 4218 quad
849 4131 962 4197 restat?
997 4129 1175 4217 promisime
