2918 4806
1103 335 1168 398 luo

125 493 265 578 ,λάσιον
285 493 375 582 δφος
396 492 433 562 nt
457 493 571 563 δαοί.“
597 499 671 562 Lex.
692 497 782 563 Phot.
801 521 832 585 p.
846 499 923 578 588,
948 499 997 564 15.
1020 499 1067 563 ed.
1083 501 1166 592 lons.

84 665 91 684 ,
128 599 168 663 de
194 623 274 665 voce
299 595 465 680 τευτάζειν
507 599 588 681 „rial
620 596 859 685 Ἀρτεμίδωρος
891 595 929 666 τὸ
963 602 1168 683 φροντίζειν“

128 704 264 785 Hesych.
287 697 477 782 ,Τευτάζεν
503 707 670 788 σκευαρεί,
690 696 859 785 ἡσυχάζει,
882 702 1055 789 διατρίβει·
1078 706 1113 771 oi
1134 704 1170 774 di

93 839 98 844 ·
130 804 328 887 φροντίζει.“
346 855 350 868 .
369 804 406 868 In
431 804 534 867 Schol.
558 805 598 868 ad
614 803 773 890 Aristoph.
788 805 905 891 Vespp.
926 806 1016 870 1164.
1037 807 1077 870 de
1093 817 1172 875 voce'

130 903 454 988 ,διασαλακώνισον
490 904 598 972 ἔοικεν
629 905 850 990 ἐμφαίνεσθαι
883 909 930 992 τῷ
961 901 1101 993 ὀνόματι
1123 911 1171 980 'vd

124 1005 438 1086 ,σαλαιιοουειίεσθαι,
465 1005 613 1074 τουτέστι
633 1005 671 1074 cd
694 1003 845 1074 σαλεύειν
864 1005 926 1074 τὸυ
947 1007 1114 1091 πρωκτόν·
1137 1012 1174 1080 ἔν

132 1127 197 1178 τισι
219 1110 280 1197 μὲν
302 1105 541 1178 διαίυκοίνισον
562 1106 629 1177 dard
655 1107 830 1186 Λύκωνος·
858 1107 896 1175 ἐν
917 1108 954 1176 δὲ
973 1117 1015 1199 τῇ
1033 1112 1174 1200 Ἀρτεμι-

135 1211 249 1299 δοίρου
272 1216 449 1299 συναγωγῇ
476 1215 737 1278 διαλακιινιοονιι
759 1225 827 1276 cett.
874 1211 1008 1278 Florenti
1030 1217 1175 1283 Christian·-

134 1342 177 1382 no
198 1331 230 1382 et
248 1318 393 1400 Berglero
411 1316 451 1380 ad
470 1312 633 1392 Λάκωνας
653 1317 790 1380 allusisse
807 1313 1030 1404 Aristophanes
1046 1321 1176 1404 videtin,

136 1424 188 1484 cfr.
202 1419 305 1506 Iutptt.
324 1418 364 1484 ad
378 1421 449 1497 ll,
470 1419 564 1505 idque
573 1423 642 1482 luce
659 1421 732 1483 solis
753 1420 882 1505 apertius
900 1423 1091 1506 estssvoluisse
1112 1423 1177 1488 Ar-

136 1521 338 1599 temidorum,
357 1523 412 1585 etsi
430 1544 538 1586 verum
555 1524 610 1601 sit,
632 1521 716 1608 quod
730 1522 881 1602 Reisigius
903 1524 1069 1604 contendit,
1094 1526 1177 1590 Cou-

137 1627 205 1689 iect.
229 1625 270 1687 ad
292 1624 450 1710 Aristoph.
472 1648 503 1711 p.
523 1626 573 1690 53.
603 1619 867 1704 „dtulvnoivrdov
889 1635 919 1686 et
938 1624 1178 1693 διαίακοίυισον

138 1729 215 1790 nihil
234 1749 316 1808 esse,
349 1729 407 1790 nisi
432 1726 583 1790 scribendi
605 1739 728 1812 peccata
747 1726 966 1788 librariorum“
1007 1728 1072 1791 Vix
1097 1731 1179 1792 enim

140 1827 329 1892 contenderit
356 1829 523 1910 lleisigius,
551 1825 783 1890 Artemidorum
807 1829 909 1913 ipsum
935 1825 1180 1897 διαίακοίνισον

140 1934 270 1996 seribere
288 1953 352 1994 non
371 1932 521 2008 voluisse,
541 1930 658 2016 quoda
673 1929 934 1996 verisimilitudine
951 1932 1043 1993 nimis
1057 1935 1179 1999 recedit.

142 2033 336 2121 Comparatio
360 2033 548 2115 Hesychiani
574 2033 664 2096 lexici
689 2030 812 2095 doceret
833 2033 948 2118 optime
975 2036 1095 2114 omnia,
1122 2039 1181 2100 nisi
1306 2071 1310 2075 ·

142 2158 264 2200 summa
277 2138 466 2222 corruptione
480 2136 569 2198 huius
587 2137 648 2198 loci
664 2137 822 2198 laboraret.
864 2134 1000 2199 Primum
1015 2139 1099 2200 enim
1112 2138 1181 2205 δια-

144 2233 331 2304 σακοίνισον
350 2241 495 2324 scriptum
507 2250 569 2317 est,
597 2237 680 2324 quod
691 2258 864 2324 quanquam
878 2239 1035 2318 ingeniose
1049 2240 1089 2303 Is.
1098 2242 1183 2306 Vos-

143 2345 221 2421 sius,
251 2341 291 2404 ad
312 2345 444 2422 glossam
472 2344 709 2424 ,σαικιονῆσαν
736 2338 1090 2429 διασαιιιωνῆσαι“·ερ.
1109 2343 1183 2408 Alb.

144 2443 184 2523 ll,
208 2447 299 2522 1138,
319 2443 513 2529 provocavit,
535 2441 619 2503 h'aud
639 2440 915 2526 dubiecorruptum
927 2453 981 2503 est.
1024 2443 1186 2530 Repugnat

38 2575 41 2580 ·
145 2547 231 2610 euim
243 2548 329 2610 vocis
339 2543 560 2628 interpretatio,
583 2563 642 2627 qua
659 2563 721 2604 non
735 2542 793 2604 nisi
814 2541 853 2603 de
868 2541 1016 2605 Salacone
1032 2556 1062 2606 et
1078 2547 1186 2610 simili.

146 2652 203 2716 bus
217 2650 390 2735 exponitur3
412 2643 600 2730 acceditque,
624 2641 707 2728 quod
726 2642 836 2706 eadem
853 2644 971 2706 ratione
987 2649 1092 2730 postea
1112 2647 1187 2712 dici-
1216 2685 1220 2693 =

145 2764 194 2814 tur
215 2747 477 2831 ,,σαλαιιωνίσαι“
498 2770 553 2833 pro
575 2745 873 2825 ,,σαίαιιοουεῦσαι.“
912 2746 1042 2828 Deinde,
1065 2763 1097 2812 ut
1108 2775 1188 2815 nunc

147 2855 181 2916 in
193 2852 298 2915 codice
314 2852 458 2937 scriptum
476 2859 537 2926 est,
559 2847 679 2910 duobus
698 2847 774 2908 locis
795 2846 834 2910 de
847 2846 957 2912 eadem
974 2871 1053 2914 voce
1070 2857 1190 2934 glosso-

150 2956 281 3041 graphus
300 2954 439 3038 loquitur.
483 2949 644 3017 intercedit
662 2949 745 3012 enim
765 2970 829 3012 vox
855 2946 1048 3036 ,,διασα’τηρ·
1072 2953 1193 3031 διανοίη

151 3059 218 3136 ζειν
246 3052 418 3130 Λάκωνες,
452 3076 508 3140 pro
544 3053 653 3137 quibus
684 3051 825 3114 lllusurus
855 3052 1037 3134 διαπαίζειν
1065 3057 1190 3145 scripsit.

152 3159 216 3222 Sed
230 3181 267 3221 ea
281 3180 376 3245 quum
390 3159 429 3220 sit
444 3158 510 3243 ipsa
524 3167 625 3218 contra
649 3156 813 3217 litterarum
831 3155 972 3220 ordinem
990 3159 1041 3220 hic
1058 3161 1193 3247 interpo.

151 3263 218 3340 sita,
240 3271 271 3322 et
284 3260 411 3324 minime
425 3254 611 3337 seiungenda
624 3257 815 3342 separaverit,
837 3279 949 3343 neque,
965 3259 1076 3344 siquid
1090 3262 1191 3342 video,

152 3367 217 3451 apti
228 3376 259 3426 et
277 3364 472 3426 consentanei
491 3359 604 3446 aliquid
625 3359 792 3423 contineat:
823 3383 893 3422 cum
910 3362 1032 3445 reliquis
1051 3364 1193 3427 omnibus

154 3468 234 3531 mihi
246 3464 369 3550 quidem
384 3462 594 3544 coniungenda
606 3462 716 3523 iterum
727 3460 855 3524 videtur.
892 3460 1089 3525 Casaubonus
1103 3466 1194 3546 enirn,

154 3571 208 3656 qui
225 3566 299 3632 iude
317 3567 445 3647 colligit,
467 3564 645 3645 Satyrorum
666 3583 781 3625 nomen
799 3564 954 3648 proprium
969 3562 1089 3626 Dorum
1108 3567 1195 3632 initio

154 3674 265 3749 titisse,
297 3672 368 3755 quia
393 3663 497 3746 σάταρ
518 3677 569 3728 aut
590 3659 691 3747 σοίτηρ
718 3666 751 3726 in
777 3665 899 3726 illorum
925 3664 1053 3727 dialecto
1081 3666 1198 3736 [ridere
1224 3695 1226 3706 ¹
1271 3673 1274 3682 ’

156 3775 370 3856 significasset,
392 3770 431 3833 de
451 3771 548 3852 Satyr.
565 3766 653 3854 poe'si
671 3790 701 3852 p.
724 3765 763 3830 41
788 3788 851 3850 seq.
873 3765 922 3828 ed.
945 3765 1074 3833 Ramb.:
1095 3773 1127 3834 in
1149 3775 1197 3838 his

158 3875 317 3940 audaciam
336 3871 451 3959 prodit,
476 3895 539 3935 non
562 3867 755 3949 irnitandam3
783 3879 813 3929 ot
831 3879 863 3928 ut
883 3868 999 3949 dicam,
1026 3873 1109 3956 quod
1127 3895 1198 3938 seu-

159 3981 218 4058 tio,
246 3982 316 4040 loco
338 3979 466 4052 abusus,
488 3997 552 4039 uon
572 3973 703 4036 debebat
725 3972 860 4034 virorum
873 3970 1039 4036 'doctorum
1056 3978 1199 4061 ‘plausum

160 4085 217 4146 hac
231 4079 346 4144 infelici
360 4079 527 4142 coniectura
546 4099 601 4142 sua
620 4075 761 4138 nancisci.
805 4071 908 4164 Atque
920 4076 1063 4138 Heinsius
1077 4077 1200 4161 quidem
