2918 4806
1100 345 1163 408 121

121 516 234 576 iterum
247 512 280 574 in
293 512 368 576 alius
384 533 494 578 manus
513 510 633 594 incidit,
654 509 776 576 Paullus
792 493 947 574 Diaconus
967 525 1069 579 autem
1083 512 1163 585 interf

123 627 190 678 ctus
202 615 293 679 nobis
307 615 428 678 relictus
448 625 502 677 est.
545 613 613 677 Iam
633 632 728 698 qtuun
750 615 873 694 cogitari
889 616 1001 704 possit,
1023 616 1163 680 Paullum

122 717 394 796 etdliogeniamtm
414 728 448 778 ut
470 715 665 803 Pamphilum
678 727 708 780 et
720 716 846 780 Festum
866 716 978 786 eudem
997 741 1070 783 usos
1095 742 1163 784 esse

123 818 267 896 oonsilio,
290 819 464 900 audiamus,
494 818 568 905 quid
586 818 708 882 Paullus
729 818 768 882 de
785 833 955 906 suo'opere
976 824 1094 886 locutus
1115 825 1162 886 sit.

122 918 181 982 Ait
201 931 304 984 autem
325 921 457 1001 „Festus
475 921 605 1009 denique
621 921 788 1007 Pompeius
803 921 952 984 Romanis
967 923 1074 997 studiis
1087 926 1164 989 uffa-

121 1023 347 1104 timeremus,
369 1037 433 1088 tam
454 1045 631 1092 sermonum
652 1023 840 1103 abditorum,
861 1043 955 1111 quam
975 1027 1068 1092 etiam
1087 1048 1163 1120 qua-

20 1207 21 1212 *
122 1125 254 1192 tundam
280 1147 454 1190 caussarum
469 1127 599 1206 origines
614 1127 766 1214 aperiens,
800 1150 877 1214 opus
891 1146 983 1192 suum
1003 1127 1042 1192 ad
1056 1129 1164 1209 viginti

121 1230 356 1315 usqueprolixa
373 1230 532 1292 volumina
552 1229 702 1293 extendit:
737 1253 777 1294 en
800 1253 866 1316 qun
889 1253 953 1318 ego
967 1228 1165 1314 prolixitate

123 1329 294 1417 superflue
309 1330 481 1418 quaedam
494 1341 527 1396 et
539 1330 850 1396 minusneceesorie
858 1331 1164 1418 praetergrediens

122 1446 154 1496 et
165 1433 460 1519 quaedaruabstrusa
473 1435 594 1522 penitus
606 1436 685 1517 stylo
695 1433 817 1522 proprio
831 1437 1002 1514 enucleans,
1016 1437 1163 1498 nonnulla

122 1537 204 1601 itaut
216 1549 299 1600 erant
311 1537 410 1622 posita
423 1538 673 1622 relinquens'hoc
684 1547 804 1604 vestrae
819 1535 987 1602 celsitudini
998 1535 1163 1616 legendtun

124 1637 341 1724 compendium
355 1633 480 1703 obtttli.“‘
504 1635 668 1704 cinAuctt.
680 1639 732 1701 lat.
740 1639 812 1718 ling.
828 1639 866 1700 ab
881 1636 1012 1720 Dionys.
1022 1635 1164 1702 Gothosr.

124 1743 239 1808 collect.
252 1764 282 1826 p.
296 1739 368 1806 242.
412 1739 501 1806 Idem
518 1740 654 1804 voluisse
672 1738 914 1819 Diogeniauum,
936 1741 1036 1824 operis
1057 1741 1163 1804 inscn’-

122 1844 196 1927 ptio,
217 1863 311 1928 quam
323 1845 419 1930 capite
431 1845 518 1906 tertio
534 1843 761 1938 explicavimus,
783 1840 894 1924 docuit,
912 1863 972 1928 quo
986 1842 1052 1930 ipse
1067 1843 1164 1904 omis-
1213 1891 1214 1900 ,

122 1967 157 2010 sa
178 1965 246 2010 esse
271 1947 423 2031 superflua
435 1941 605 2008 indicabat.
657 1944 725 2010 Iam
744 1967 819 2008 vero
841 1947 868 2008 si
889 1943 972 2006 Festi
994 1963 1073 2029 opus
1093 1964 1164 2011 cum

122 2047 219 2110 Paulli
240 2049 374 2134 epitome
390 2069 615 2135 componamus,
638 2047 712 2136 quid
724 2047 800 2110 illud
815 2048 855 2109 sit
866 2047 1119 2134 praetermissum
1133 2057 1164 2110 et

122 2173 178 2236 pro
198 2151 350 2236 superfluo
370 2151 524 2229 habitum,
555 2151 644 2214 facile
656 2162 793 2242 apparet.
837 2149 915 2214 Sunt
927 2149 1012 2216 enim
1024 2169 1096 2234 prae
1112 2170 1163 2212 ce-

122 2255 192 2317 teris
213 2255 329 2316 abiecta
342 2264 482 2316 veterum
499 2253 678 2340 scriptorum
698 2254 889 2333 testimonia3
900 2251 1022 2326 ¹deinde
1037 2253 1163 2315 nomina

20 2353 22 2360 '
123 2377 243 2436 eorum,
266 2357 317 2441 qui
328 2357 446 2436 singula
460 2359 608 2420 vocabula
625 2357 808 2450 interpretati
821 2366 906 2434 sunt;
927 2367 961 2416 ut
973 2377 997 2432 s.
1011 2375 1042 2420 v.
1056 2353 1164 2418 meio-

123 2479 195 2521 rem
208 2455 398 2533 consulum
429 2457 541 2522 deinde
555 2479 632 2542 quae
647 2481 686 2520 ex
712 2459 836 2526 historia
845 2455 952 2518 'addita
967 2467 1064 2534 erant,
1091 2468 1124 2518 ut
1137 2479 1162 2520 s.

121 2582 152 2624 v
173 2559 391 2634 Mamertini3
427 2570 580 2646 praeterea
602 2561 629 2622 si
650 2559 788 2624 diversae
808 2561 935 2620 aliorum
959 2559 1164 2624 referebantur

121 2663 304 2742 sententiae,
325 2675 359 2724 ut
372 2684 396 2726 s.
411 2684 450 2734 v„
465 2660 666 2746 Quintipor3
687 2661 817 2746 denique
829 2663 925 2723 multa
937 2661 1010 2739 alia,
1033 2681 1110 2744 quae
1123 2659 1162 2722 de

30 2843 33 2848 ¹
120 2767 249 2832 vocibus
264 2765 343 2828 dicta
357 2774 443 2844 sunt,
465 2762 543 2825 adeo
556 2763 693 2840 singulae
709 2784 802 2829 voces
815 2761 964 2848 quaedam
980 2761 1061 2850 apud
1072 2761 1163 2824 Paul-

123 2871 186 2930 lum
199 2871 312 2930 ,frustra
333 2877 521 2952 quaeruntur.
564 2864 739 2926 Verisimile
758 2877 818 2944 est,
849 2863 959 2928 eadem
978 2865 1030 2929 via
1045 2862 1166 2944 Dioge-
1208 2914 1214 2922 ,

124 2970 247 3035 nianum
267 2991 461 3056 progressum
481 2989 558 3033 esse.
602 2963 736 3045 Quodsi
754 2967 918 3047 sumimus,
942 2968 976 3030 in
995 2962 1095 3043 λέξεις
1110 2987 1163 3028 ea-

121 3095 248 3158 rumque
269 3071 495 3136 multitudinem
515 3071 662 3148 intentus,
691 3069 845 3132 uberiores
865 3067 903 3132 de
928 3071 992 3134 eius
1012 3067 1163 3134 scribendi

121 3177 238 3238 ratione
251 3173 468 3260 disputationes
482 3185 516 3234 ut
529 3175 567 3236 ab
583 3159 760 3254 argumento
776 3173 905 3251 alienas,
927 3174 1162 3258 praetermittere

121 3277 349 3362 sacilepotuit.¹
572 3351 573 3354 Ἴ
967 3331 968 3338 ,

209 3377 298 3456 Quae
312 3377 424 3441 sirete
434 3385 513 3454 sunt,
534 3387 659 3460 uterque
672 3385 701 3437 et
714 3373 923 3454 Diogenianus
937 3386 968 3437 et
980 3373 1161 3454 Hesychius,

122 3479 240 3562 viribus
251 3479 432 3558 coniunctis,
454 3477 633 3554 effecerunt,
655 3487 688 3536 ut
700 3497 801 3536 rerum
819 3497 909 3561 supra
925 3487 1163 3538 memoratarum

122 3585 204 3646 nulla
217 3583 347 3668 emplius
359 3581 544 3668 reperiretur,
560 3576 634 3638 dum
649 3580 723 3638 alter
736 3579 889 3640 uberiores
899 3577 1115 3664 disputationes
1123 3573 1162 3644 de

122 3686 233 3748 formis
244 3695 274 3746 et
288 3683 538 3754 declinationibus
546 3679 754 3762 similibusque
771 3682 861 3741 rebus
875 3680 1002 3758 sustulit,
1010 3682 1083 3742 alter
1096 3679 1162 3742 He-

122 3780 1160 3865 rodianirationemscribendi-secutusscripturamnonraromutavit.
