2894 4816
1115 289 1258 405 8'1¹

103 493 211 574 πιπός.
261 495 353 579 Quae
368 521 463 586 quum
477 503 547 582 lego
569 511 599 566 et
621 503 723 584 cogito
744 523 882 584 mecum,
910 503 974 568 iam
995 504 1105 570 iterum
1124 507 1158 572 in
1182 557 1185 562 .

104 599 243 664 eandem
261 602 466 688 suspicionem
484 605 604 684 incido,
632 627 724 691 quam
743 626 832 692 supro
850 606 1021 671 dubitanter
1036 611 1156 695 prunoli,

101 704 152 788 rei
174 703 381 767 difficultatem
399 707 535 770 movisse
556 707 667 770 Virum
687 709 932 789 celeberrimum,
962 721 995 772 ut
1011 711 1155 775 intactam

102 826 179 868 eam
190 807 371 890 relinqueret
382 818 412 870 et
430 810 581 872 obiiceret.
623 808 793 872 Videamus
817 822 936 891 tamen,
967 812 1040 897 quid
1059 814 1154 876 nostri

100 909 228 969 valeant
253 907 388 988 humeri,
414 912 564 996 imprimis
592 912 683 976 novis
708 913 923 975 emolumentis
950 913 1053 977 adiuti.
1102 914 1154 979 Αο

99 1011 205 1094 primo
217 1012 286 1071 loco
307 1010 346 1074 ad
361 1013 482 1075 lexicon
497 1007 672 1077 Gudianmn
687 1014 833 1077 vertimus
850 1016 972 1093 oculos,
995 1016 1079 1078 cuius
1093 1037 1153 1077 no-

50 1115 55 1126 '
99 1112 203 1174 titiam
219 1111 446 1202 Kulenkampio
472 1115 634 1195 debemus,
662 1113 829 1178 editionem
856 1113 991 1195 Sutorio,
1025 1114 1064 1178 de
1091 1138 1151 1201 quo

99 1215 212 1276 frustra
224 1211 423 1281 Ruhnkenius
438 1220 471 1281 in
492 1218 588 1305 Epist.
620 1216 661 1279 ad
684 1218 841 1298 Heynium
862 1215 945 1298 data,
968 1240 999 1303 p.
1015 1222 1086 1283 672.
1101 1217 1151 1281 ed.

99 1313 254 1380 Friedem.
283 1316 432 1399 „Quodsi
447 1321 480 1384 in
497 1320 565 1384 cod.
587 1317 771 1406 Guclpherb.
797 1321 977 1384 thesaurum
1003 1321 1151 1410 reperisse

99 1429 203 1506 putat,
224 1421 348 1502 fallitur,
371 1424 422 1509 qui
444 1424 521 1486 nihil
537 1424 661 1508 reperit,
691 1423 751 1486 nisi
769 1425 939 1486 carbones“
961 1425 1012 1486 cfr.
1032 1445 1064 1510 p.
1077 1422 1149 1488 675.

79 1523 131 1606 p.
152 1526 226 1585 709.
248 1543 331 1609 seqq.
374 1524 420 1588 lta
437 1525 591 1589 iudicabat
608 1525 668 1589 Vir
687 1526 975 1610 praestantissimus,
1003 1525 1149 1610 quoniam

102 1621 309 1687 additamenta
325 1628 509 1712 requirebat;
530 1649 589 1691 nos
608 1639 710 1690 autem
723 1649 802 1690 nuno
815 1650 880 1691 non
896 1637 1019 1714 propter
1030 1623 1149 1688 addita-

100 1737 223 1807 menta,
244 1726 300 1789 sed
310 1741 433 1816 propter
445 1751 496 1810 ea,
519 1752 596 1815 quae
611 1730 734 1815 dempta
753 1740 837 1808 sunt,
859 1731 970 1791 librum
983 1727 1087 1808 magni
1100 1730 1147 1788 sa-

102 1825 209 1892 cimus.
252 1828 498 1912 Etymologicum
517 1834 601 1894 enim
619 1828 795 1924 Gudianum
813 1830 997 1910 Diogeniani
1015 1829 1148 1891 mentio-

101 1953 176 1994 nem
200 1932 324 2011 abiecit,
353 1943 385 1995 et
409 1935 500 1997 sirnul
527 1957 597 1997 cum
628 1955 667 1997 ea
699 1929 951 2014 „tutelaeque
979 1925 1147 2004 ἐπίπονος,
1279 1979 1282 1983 .

102 2021 238 2112 ἅθλιος·
267 2033 393 2124 εἴρηται
423 2033 458 2101 δὲ
488 2032 580 2118 παρὰ
608 2031 647 2101 τὸ
669 2028 773 2110 πάλος
792 2016 847 2100 aul
867 2029 928 2118 τὴν
950 2027 1064 2113 o‘iouv,¹
1092 2053 1146 2094 ru·

103 2132 237 2223 λάωρος
258 2133 315 2201 καὶ
336 2137 572 2222 παλαίπορος“
602 2149 632 2200 et
650 2139 683 2200 in
701 2139 765 2200 fine
792 2131 842 2221 „ri
867 2130 958 2215 παραὶ
980 2128 1017 2198 οὸ
1039 2125 1146 2214 πόροι,

103 2233 122 2304 ὁ
144 2239 241 2323 δηλοῖ
260 2234 299 2304 τὸ
320 2234 442 2317 πάθος.
451 2244 472 2277 “
520 2238 599 2321 Quis
617 2242 708 2321 igitur
727 2252 788 2320 est,
817 2241 869 2327 qui
886 2261 951 2303 non
967 2257 1091 2305 mecum
1108 2257 1146 2298 ea

101 2343 206 2406 omnia
217 2341 413 2423 Diogeniano
426 2343 544 2423 deberi,
564 2344 678 2428 reliqua
696 2341 818 2406 aliunde
833 2345 941 2406 hausta
962 2363 1029 2405 esse
1047 2340 1166 2426 suspi-

102 2457 192 2508 cetur.
234 2444 435 2529 Etymologus
449 2467 526 2532 quae
542 2445 575 2506 in
585 2443 781 2524 Diogeniano
797 2457 960 2532 repererat,
982 2443 1098 2507 addidit
1107 2443 1146 2505 il-

100 2550 153 2628 lis,
174 2569 253 2633 quae
269 2548 302 2610 in
319 2549 486 2634 antiquiore
503 2547 726 2629 etymologico,
748 2548 796 2609 cui
809 2568 864 2610 sua
885 2546 1082 2628 adiungebat,
1099 2547 1145 2606 le-

101 2654 262 2732 gebantur3
284 2648 469 2732 Diogeniani
486 2649 588 2728 verbis
602 2649 722 2734 antiqua
734 2649 938 2736 interpolavit.
978 2649 1036 2710 llis
1049 2666 1145 2731 expo-

100 2755 183 2832 sitis,
205 2751 416 2834 aggrediamur
432 2753 637 2833 Hesychimm
659 2751 740 2836 apud
752 2754 916 2838 quemsuh
934 2771 1013 2814 voce
1037 2743 1144 2812 rolai-

100 2877 213 2937 ποορος
234 2856 400 2941 reperimus
427 2849 626 2934 ,,ἔπίποοος,
648 2846 848 2936 πληπικός·“
869 2874 998 2938 quormn
1012 2851 1145 2938 primum

99 2962 217 3044 utrique
230 2979 392 3022 commune
406 2967 466 3036 est,
488 2959 616 3019 alterum
628 2957 754 3018 notione
771 2977 835 3016 non
857 2952 966 3018 differt.
1009 2951 1073 3018 Sed
1095 2953 1144 3014 ni-

98 3064 145 3126 hil
166 3062 205 3124 de
223 3063 274 3124 illa
295 3061 495 3142 etymologia,
522 3081 600 3144 quae
620 3081 638 3122 e
657 3058 841 3140 Diogeniani
860 3059 943 3121 libris
961 3055 1142 3143 producittu.

99 3164 257 3227 Memores
273 3174 378 3225 tamen
398 3163 463 3225 eius
482 3163 572 3242 legis,
601 3158 661 3240 (cs.
680 3183 744 3247 cap.
762 3160 837 3242 ΙΙΙ.)
864 3161 1032 3247 composita
1050 3177 1145 3222 voca-

99 3271 171 3330 bula
189 3264 342 3328 interdum
358 3265 504 3350 explicata
522 3285 605 3344 esse,
633 3264 687 3327 ubi
704 3263 743 3324 de
762 3262 948 3349 simplicibus
972 3282 1073 3325 sermo
1090 3271 1145 3337 est,

101 3370 273 3434 evolvimus
296 3389 408 3432 vocem
438 3360 527 3446 ὥρα,
555 3367 658 3452 ibique
690 3366 835 3446 legimus,
865 3387 943 3450 quae
970 3371 1143 3446 sequuntur

100 3467 226 3553 ,,Ὥροι,
264 3465 398 3550 καιρὰς,
435 3461 571 3544 κάλλος,
606 3461 729 3550 τροπή,
763 3461 937 3550 εὐμορφία.
975 3463 1081 3539 ψιλῶς
1109 3457 1145 3524 ot

7 3643 8 3646 ,
101 3568 256 3656 φροντὶς,
287 3567 468 3655 ἐπιμέλεια,
492 3565 574 3635 ὅθεν
594 3563 773 3651 Ὀλὶγορον
792 3566 930 3653 λέγομεν
950 3560 1010 3630 τὸν
1031 3557 1146 3646 ὀλίγην

101 3671 217 3758 ἔχοντα
237 3673 430 3758 φοονπὶὁοι“
462 3671 726 3758 quibusinvcrbis
741 3691 912 3757 quanquam
924 3669 998 3730 nihil
1016 3666 1145 3730 devote
1273 3682 1276 3695 ·

100 3774 271 3860 ταλοὶοορος
292 3777 406 3840 dictmn
421 3788 481 3858 est,
502 3789 606 3840 tamen
622 3774 783 3852 docemur,
807 3769 963 3857 quomodo
977 3770 1144 3852 Diogenia.

92 3903 156 3946 nus
178 3902 246 3943 rem
264 3881 394 3960 cogitare
412 3882 551 3968 potuerit.
594 3879 649 3944 Est
661 3899 736 3943 vero
756 3877 848 3939 etiam
860 3875 990 3961 apertius
1007 3873 1145 3936 testimo-

102 3985 195 4046 nium.
240 3981 411 4046 Occurrunt
431 3983 514 4045 enim
534 3982 580 4062 ΙΙ,
611 3981 702 4047 1342.
731 3969 920 4061 ,Λαλοόροοι
941 3970 1145 4057 ποξούμοπα“

101 4089 277 4166 ubit-erba,
305 4088 414 4170 quibus
432 4107 543 4150 vocem
566 4087 773 4172 interpretatus
793 4093 852 4160 est,
878 4081 993 4144 omissa
1011 4088 1095 4155 sunt,
1117 4086 1147 4137 et
