2918 4806
207 273 217 306 1
268 281 273 294 1

1121 423 1183 487 145

138 599 170 662 p.
193 579 244 654 66,
269 581 318 641 10.
341 574 467 638 Luciani
480 585 639 639 aetatema
654 561 748 640 Suida
761 580 842 640 male
862 598 929 640 esse
939 599 1035 663 usque
1051 581 1090 645 ad
1106 583 1182 650 Tra.

224 679 332 740 ianum
350 687 490 760 tractam,
511 697 592 740 nunc
611 680 794 744 accuratiore
819 679 1052 764 investigatione
1073 690 1117 750 rei
1134 690 1183 752 in.

223 781 340 860 stituta‚
360 801 540 866 persuastun
551 782 663 844 habeo.

138 949 185 1014 lb.
209 955 230 1014 l.
254 957 305 1016 33.
341 950 377 1013 ln
404 949 573 1029 Phlegonte
600 942 753 1013 Tralliano
788 947 828 1012 de
857 949 999 1015 Mirabitl.
1035 978 1101 1044 cap.
1128 966 1180 1026 23.

225 1047 391 1135 ,Μάρκου
415 1045 595 1116 Οὐεστίνου
616 1046 790 1130 Ἀττικοῦ“,
817 1053 871 1114 ubi
889 1051 1052 1135 Xylander
1078 1055 1180 1144 Οὐηε-

225 1155 356 1227 mov,
378 1153 485 1217 Franz.
501 1149 698 1233 Οὐεστίνου,
725 1164 759 1216 ut
782 1148 996 1232 Οὐεσκελῖνος
1018 1181 1066 1248 ap.
1086 1161 1180 1227 Dion.
1280 1141 1287 1154 ¹

225 1258 324 1320 Halic.
335 1255 411 1318 Ant.
423 1255 515 1318 Rom.
529 1255 570 1319 V.
586 1279 611 1319 c.
630 1255 681 1335 49,
702 1259 735 1341 p:
757 1255 828 1321 959.
855 1256 903 1320 ed.
920 1259 1002 1344 Lips.
1027 1291 1073 1311 -’
1090 1263 1182 1327 Haud

225 1358 317 1420 dubie
330 1357 368 1420 de
378 1357 494 1420 Iustino
507 1378 563 1444 pro
578 1357 708 1421 Vestino
724 1358 805 1418 male
819 1358 994 1438 cogitarunt.
1040 1362 1181 1430 Ceterum

223 1462 287 1524 scio
299 1482 395 1538 nunc,
416 1481 493 1544 quae
506 1459 588 1545 apud
606 1460 881 1522 ttiontefalconium
899 1462 1050 1544 legantur,
1073 1468 1181 1532 eadem

155 1557 158 1562 ’
224 1583 292 1632 esse
318 1581 388 1623 cum
410 1561 465 1638 iis,
484 1581 562 1644 quae
581 1583 620 1622 ex
642 1560 746 1623 Schol.
768 1561 891 1625 Veneto
912 1562 1045 1626 Bekketi
1066 1590 1181 1649 cogno-

223 1684 342 1744 veram3
378 1683 469 1747 quare
497 1682 574 1747 quae
591 1684 623 1747 p.
650 1665 720 1726 128.
739 1673 780 1741 *et
800 1685 884 1749 seqq.
909 1667 1070 1752 explicavi,
1100 1692 1181 1734 nunc

223 1787 361 1851 quoque,
389 1775 423 1826 ut
439 1762 490 1849 qui
503 1763 653 1842 maxime,
675 1765 784 1850 probo.
1170 1747 1179 1768 ⁹
1217 1753 1226 1762 ’
