2918 4806
286 327 352 398 tro

762 489 789 572 s.
817 489 847 552 s.

369 649 453 712 Haeo
478 645 517 710 de
538 643 719 724 Athenae03
748 665 809 730 quo
831 643 857 704 si
879 639 1076 702 caruissemus
1099 644 1192 712 teste,
1216 627 1335 694 Suidae

284 763 402 839 ereptus
416 751 522 814 fuisset
537 770 674 812 summus
694 747 871 833 sospitatum
892 743 944 828 qui
964 745 1003 804 ab
1026 739 1165 802 omnimn
1185 732 1335 798 adversa-

284 857 399 918 riorum
412 852 568 916 conatibus
585 851 701 912 fortiter
720 870 791 910 eum
810 843 955 910 defendit.
998 839 1121 904 Etenim
1138 839 1166 901 si
1181 857 1334 926 noncae-

285 955 493 1044 ensequidem
503 953 641 1038 laevique
654 974 723 1014 sum
744 951 853 1046 animi,
875 945 1102 1030 Diogeniamuu
1111 937 1266 1026 Pamphili
1277 961 1335 1000 ex-

165 1067 172 1076 “
285 1058 432 1143 cerpsisse
459 1055 568 1136 libros,
598 1056 663 1116 sole
689 1056 765 1118 lucis
792 1055 898 1116 clarius
922 1073 960 1112 ex
983 1049 1032 1110 his
1054 1045 1199 1132 apparuit.
1246 1037 1335 1119 Quid

285 1159 368 1222 enim
383 1168 444 1236 est,
465 1157 574 1242 inquo
595 1159 796 1238 haereamus,
818 1158 870 1244 qui
889 1151 1071 1226 viderimus,
1093 1145 1334 1226 Diogenianum,

284 1260 446 1346 Pamphilo
464 1259 628 1338 iuniorem,
657 1281 691 1321 ea
719 1261 785 1346 ipsa
805 1262 837 1322 in
864 1278 918 1321 sua
949 1245 1117 1336 glossarum
1142 1248 1334 1323 collectione,

285 1384 363 1448 quae
384 1362 490 1422 habuit
504 1337 576 1441 hle,
597 1363 763 1448 recepisse,
787 1372 831 1440 et,
854 1361 974 1425 omissis
994 1357 1174 1444 scriptorum
1192 1361 1335 1416 veterum

286 1464 610 1548 grammaticorumque
632 1466 822 1544 nominihus,
843 1476 998 1551 praeterea
1016 1463 1079 1522 sere
1094 1454 1198 1519 omnia
1220 1449 1336 1514 descri-

285 1567 408 1654 psisse?
431 1562 517 1645 Quid
530 1568 636 1632 enim?
659 1565 795 1628 credisne
811 1564 1052 1648 Diogenianum‚
1073 1579 1165 1648 opera
1181 1552 1336 1641 Pamphili
1444 1551 1445 1564 ¹

286 1671 435 1748 neglecta,
471 1669 647 1752 improbum
670 1668 762 1731 istum
788 1671 926 1731 lahorem
949 1669 1027 1728 ultro
1046 1659 1215 1748 suscepisse
1236 1656 1334 1719 lexica

286 1769 465 1855 inspiciendi
480 1781 597 1850 vetera,
620 1781 651 1832 et
663 1771 746 1832 utilia
764 1771 900 1856 scituque
916 1767 1000 1832 haud
1014 1766 1104 1847 digna
1123 1759 1335 1848 excerpsisse?

288 1869 399 1934 Credat
416 1870 547 1936 Iudaeus
568 1871 696 1960 Apella!
725 1896 788 1935 non
812 1873 886 1956 ego!
922 1892 1021 1956 neque
1045 1869 1139 1930 alium
1160 1883 1337 1951 quenquam

287 1974 329 2034 ita
342 1973 536 2060 opinaturum
552 1995 619 2037 esse
629 1977 646 2054 ,'
663 1975 795 2039 confido.

374 2091 438 2158 Sed
448 2093 589 2156 nondum
602 2097 734 2180 perfecta
746 2106 792 2158 est
804 2091 1021 2157 demonstratio
1036 2077 1157 2156 nostra:
1177 2085 1250 2172 quia
1262 2083 1337 2148 scri·

277 2205 408 2280 ptores,
431 2196 482 2278 qui
500 2195 651 2281 Pamphili
671 2197 839 2274 glossarum
861 2195 1069 2274 meminerint,
1092 2201 1211 2282 praeter
1234 2186 1337 2256 Athe-

269 2316 402 2362 ·naeum
418 2307 531 2360 restant
552 2297 666 2388 aliquiq
687 2296 756 2359 dico
780 2295 984 2380 Etymologici
1010 2295 1116 2376 Magni
1137 2291 1337 2370 conditorem,

290 2418 421 2484 eumque
439 2400 491 2484 qui
508 2398 699 2465 Venetorum
717 2400 953 2466 Homericorum
973 2399 1160 2464 scholiorum
1182 2393 1338 2456 colleclio·

289 2521 363 2562 nem
382 2501 518 2567 instituit.
560 2500 811 2590 Rementem,
840 2523 914 2588 quas
932 2505 971 2565 ab
989 2502 1042 2596 his
1053 2498 1244 2585 accepimus,
1265 2517 1339 2584 pro-
1445 2495 1446 2576 f

289 2605 355 2689 pria
372 2603 524 2689 quaedam
545 2615 591 2668 est
611 2605 698 2668 ratio.
752 2603 791 2668 Ut
812 2606 896 2668 enim
918 2606 1045 2668 omnino
1074 2602 1195 2668 codices
1214 2599 1338 2680 Veneti,

289 2706 343 2790 qui
355 2705 407 2768 illa
419 2708 534 2770 scholia
549 2709 719 2785 continent,
742 2708 847 2770 criticis
864 2708 1001 2793 inprimis
1025 2710 1116 2770 rebus
1134 2715 1165 2766 et
1184 2724 1339 2784 granuua-

289 2808 356 2872 ticis
378 2808 531 2894 conspicui
553 2822 637 2890 sunt,
667 2810 768 2876 Wou
791 2808 930 2894 Prolegg.
956 2808 995 2871 ad
1008 2809 1102 2870 Hom.
1117 2830 1157 2894 p.
1183 2806 1236 2872 XI
1256 2829 1337 2892 seq:

290 2910 331 2972 ita
351 2910 443 2972 etiam
463 2913 591 2995 plurima
609 2934 678 2998 pars
692 2909 813 2990 eorum',
836 2932 913 2997 quae
935 2910 1127 2998 ePamphilo
1143 2911 1277 2987 hahent,
1298 2906 1338 2972 ad

291 3031 339 3072 res
360 3015 569 3090 grammaticas
589 3025 733 3098 spectant.
776 3014 882 3100 Neque
892 3013 987 3092 ,aliter
1005 3010 1044 3074 de
1056 3010 1245 3092 Etymologo
1257 3007 1340 3072 iudi-

293 3110 425 3176 candum
438 3124 498 3194 est,
520 3116 571 3200 qui
585 3116 737 3201 Pamphili
756 3118 850 3180 libros
870 3138 933 3179 non
953 3115 1025 3195 legit
1047 3115 1127 3204 ipse,
1149 3113 1206 3178 sed
1221 3135 1261 3179 ex
1273 3113 1338 3174 He-

292 3213 420 3278 rodiano
440 3217 598 3297 cognovit‚
619 3219 686 3282 viro
706 3219 785 3279 inter
804 3199 1016 3300 grammaticos
1040 3216 1172 3294 eximie,
1194 3215 1338 3300 librisque

292 3319 494 3399 grammaticis
505 3321 567 3384 suis
584 3317 803 3385 laudatissime.

377 3456 414 3521 In
424 3457 548 3521 Veneto
569 3455 675 3518 codice
687 3450 840 3546 Pamphili
860 3479 976 3520 nomen
988 3457 1124 3542 primum
1139 3457 1269 3520 interea
1284 3477 1338 3542 ap,

292 3571 393 3646 paret,
418 3561 549 3646 quaein
569 3581 653 3622 nono
681 3562 757 3622 folio
777 3562 907 3646 paginae
934 3581 1059 3627 aversae
1084 3559 1229 3646 inscripta
1259 3570 1337 3622 sunt.

293 3661 391 3746 Beklr.
411 3685 443 3749 p.
465 3661 524 3741 lll,
554 3663 666 3749 praefi,
696 3683 774 3747 quos
799 3683 866 3724 esse
886 3665 1004 3742 fontes,
1027 3685 1045 3725 e
1067 3663 1176 3747 quihus
1193 3662 1338 3724 hausim-

293 3774 341 3824 tur
353 3764 485 3840 scholia,
500 3777 591 3850 patet.
634 3763 756 3830 Deinde
776 3766 808 3826 in
829 3767 877 3828 his
896 3765 1039 3847 singulis,
1067 3763 1118 3828 ad.
1138 3763 1189 3842 A,
1211 3785 1243 3828 v.
1266 3767 1337 3830 868·
1422 3767 1426 3775 '

294 3861 599 3946 ,noonuootrivrwr
618 3864 657 3934 τὸ
684 3866 831 3948 εἴδομεν·
857 3862 922 3933 dnh
944 3861 1137 3952 βαρυτόνον
1157 3864 1221 3930 τοῦ
1243 3862 1337 3928 εἴδει·

295 3958 338 4030 ori
366 3967 481 4048 θαῦμα
507 3964 561 4045 δὲ,
598 3966 627 4032 el
661 3961 699 4034 vri
731 3962 816 4054 utini
841 3965 898 4032 καὶ
925 3964 970 4046 οἱς
996 3965 1188 4053 βαρύτονον
1215 3963 1273 4032 καὶ
1294 3961 1338 4040 οἱς

295 4062 548 4152 περισπώμενον
569 4068 687 4134 κλίνει·
717 4065 739 4153 ἢ
764 4067 816 4136 ὅτι
838 4065 921 4137 ἄνθ’
947 4064 1171 4140 ὑποτακτικοῦ
1192 4065 1262 4135 ἐστι
1281 4065 1338 4134 nui
