2918 4806
1199 373 1205 390 b

886 409 893 418 a
1080 405 1137 468 ¹⁹⁷

955 447 957 456 r

993 477 998 488 1

91 571 190 662 libro,
214 572 267 632 cir.
279 566 456 647 Scluveigh.
469 565 536 632 Iud.
549 566 650 630 Auct.·
661 561 692 656 p
713 565 764 632 95.
786 569 934 630 hocloco
955 568 1138 636 excidisset?
1218 599 1225 614 ·

93 672 175 733 illibi
187 669 311 756 quidem
322 669 354 730 id
370 691 433 732 non
453 669 655 756 improbabile
666 669 787 735 videtur
799 693 875 734 esse.

148 815 297 922 ‘Athea
317 856 393 934 vu,
416 857 495 935 315,
522 855 562 920 a.
579 851 744 939 ‚Joaeu'e
775 858 921 920 καλεῖται
943 855 978 923 δὲ
998 858 1054 925 καὶ
1077 856 1137 946 ὅτ·

97 953 180 1040 φόθ,
211 954 254 1036 ⁶53
279 959 475 1042 Πάμφιλος“
526 959 660 1041 Hesycb.
688 952 861 1042 „boumb-
892 953 987 1042 ἰχθύς
1014 957 1139 1039 „0469ss
1219 971 1222 982 ι
1261 987 1263 997 .

96 1062 212 1145 reliqua
238 1061 430 1147 Epitomator
457 1060 630 1124 omisit-
664 1060 782 1123 Athen.
810 1060 904 1139 XIII,
943 1085 974 1149 p.
1004 1063 1080 1143 573,
1110 1089 1138 1129 e.

97 1157 256 1245 „liriovpc
278 1159 313 1228 ot
331 1157 528 1246 Ἀφροδίτης
550 1157 644 1240 ἱερόν
665 1159 733 1230 ἐστι
755 1160 846 1245 παρὰ
864 1159 1075 1248 Ἀβυδηνοῖς,
1097 1163 1141 1244 ὥς

99 1279 184 1350 φησι
198 1261 332 1350 Πάμφ.“
356 1277 423 1330 cett.
446 1265 484 1328 In
498 1265 655 1347 Hesychio
674 1265 713 1330 de
727 1268 858 1338 Veneris
870 1269 986 1352 templo
997 1267 1039 1330 n'e
1049 1270 1142 1332 mini-

99 1390 187 1430 mum
198 1367 323 1454 quidem
338 1390 356 1430 a
369 1389 421 1430 me
436 1358 590 1452 reperbnu
602 1379 648 1432 est
660 1370 838 1451 vestigium,
859 1381 892 1432 ut
904 1369 963 1434 nisi
976 1362 1052 1434 alius
1067 1373 1144 1436 liber

99 1471 302 1552 significauit,
323 1492 422 1556 neque
435 1469 589 1556 Pamphili
601 1493 716 1534 nomen
734 1472 785 1535 alii
806 1475 910 1536 locum
921 1467 1061 1559 relinquit
1076 1497 1144 1540 me-

101 1574 169 1652 rito,
190 1572 416 1656 Diogenianum
430 1594 475 1651 ea,
489 1583 634 1658 tanquam
646 1595 663 1635 a
676 1574 774 1637 lexico
790 1574 897 1653 aliena,
908 1577 1145 1661 praetenuisisse

102 1673 235 1738 credun.
283 1675 387 1740 Voces
408 1685 525 1738 exstant
553 1669 728 1758 ,,”Αβυδος,
752 1669 952 1758 Ἀβυδόθεν,
971 1671 1146 1760 'albucione'-

102 1799 186 1859 μας,
206 1770 367 1860 Ἀβύδτις,
393 1770 567 1858 Ἀβυδινόν
587 1772 821 1861 ἐπιφόνημα.“
842 1811 885 1823 -
913 1777 1029 1842 Athen.
1053 1779 1145 1864 XIV,

104 1879 179 1944 645.
202 1901 229 1941 e.
257 1871 471 1961 „hepher
492 1913 535 1925 —
557 1876 732 1963 Πάμφιλος
756 1876 791 1944 δὲ
812 1875 871 1943 τὸν
893 1873 1066 1965 ἀττανίτην
1086 1904 1147 1948 τια-

104 1975 273 2064 λούμενον
300 1977 454 2065 ἐπίχυτόν
482 1993 565 2064 φησι
594 1985 781 2046 καλεῖσθαι·
819 1983 880 2046 τοῦ
907 1979 943 2066 cii
973 1979 1147 2051 α’τττινίτού

100 2076 268 2160 Ἱππῶναξ
287 2119 330 2130 -
351 2076 571 2168 μνημονεύει“
593 2086 765 2167 Hesychius
787 2078 978 2163 ,,ἆττννίτας
995 2119 1037 2134 -
1053 2080 1149 2171 τηγά-

104 2185 221 2262 νίτας“
242 2179 447 2269 ,,Ἐττίχντον·
471 2177 558 2262 εἶδος
578 2183 778 2272 πέμματος.“
820 2185 901 2266 Ergo
914 2189 947 2250 in
965 2191 1014 2253 his
1028 2211 1148 2276 quoque

105 2288 324 2375 Epitomatoris
337 2313 445 2354 manus
460 2291 639 2371 agnoscitur.
657 2329 695 2338 —
710 2288 826 2351 Athen.
840 2288 932 2368 XIV,
951 2290 1022 2356 642.
1044 2285 1151 2370 ‚Mai-

108 2412 161 2458 ων
182 2389 217 2456 ot
239 2389 294 2456 καὶ
318 2389 509 2476 Διόδωρος,
540 2387 585 2466 ὥς
613 2383 696 2474 φησι
719 2386 851 2472 nepo,
882 2387 1048 2456 ἐπαίνλέιά
1069 2408 1152 2475 φασι

109 2496 283 2561 καλεῖσθαι
317 2491 466 2578 viperei
500 2491 539 2559 τὸ
567 2494 704 2566 δεῖπνον
729 2488 947 2574 τραγήματα“
980 2489 1176 2575 Hesychius¹
1237 2537 1240 2540 -

110 2590 264 2678 ‚,aluvov·
278 2597 434 2663 δεῑττνονίι
448 2591 665 2677 „Mucianum
676 2591 834 2660 ἄὸτιττναιι
853 2593 987 2674 ‚stoue
1009 2593 1153 2675 δειπνεῖιι
1273 2596 1278 2606 ’

111 2693 272 2781 ,,Εἰκλόν·
291 2699 445 2766 teucer
462 2693 641 2778 ,,Ἐξείκλω·
661 2692 912 2783 ἆττὸδείττνον.“
937 2695 1038 2760 Abest
1050 2685 1154 2761 tamer
1235 2719 1238 2722 ·

112 2799 295 2877 ἔπαίκλειας
316 2825 407 2889 quare
421 2803 498 2864 mihi
511 2800 674 2865 verisimile
688 2811 751 2865 est:
772 2791 950 2888 Pamphilus
962 2821 1032 2864 eam
1045 2791 1156 2866 vocem

114 2930 139 2972 s.
159 2929 190 2974 v.
213 2901 331 2972 αἷκνον
350 2915 536 2970 tractaverat.

202 3097 259 3159 His
279 3097 310 3158 in
330 3094 405 3156 locis
427 3093 500 3156 solis
518 3090 671 3177 Pamphili
692 3111 808 3154 nomen
831 3095 870 3156 ab
884 3090 1048 3156 Athenaeo
1073 3113 1158 3156 com-

117 3209 323 3266 memoratum
342 3207 397 3258 est.
444 3194 551 3279 Neque
570 3206 677 3258 tamen
691 3197 816 3275 longam
831 3205 967 3256 nostram
986 3204 1016 3258 et
1034 3193 1160 3256 arduam

118 3304 204 3365 viam
215 3300 426 3387 superavimus
437 3309 552 3376 totam:
575 3296 645 3381 quia
656 3294 837 3360 Athenaeus
857 3296 929 3360 alibi
950 3317 1086 3382 quoque,
1108 3296 1163 3357 ubi

119 3404 315 3490 Pamphilum
327 3424 392 3464 non
406 3400 590 3477 nominavit,
613 3399 677 3460 eius
690 3400 866 3462 tltesaurum
880 3398 1012 3483 expilare
1025 3417 1089 3458 non
1107 3393 1163 3457 de·

121 3507 264 3588 dignatus
277 3516 335 3584 est,
358 3502 396 3566 de
410 3502 548 3589 quoiam
562 3499 790 3585 disputabimus.
1027 3509 1030 3515 “

606 3787 633 3874 c.
656 3794 685 3853 2.

212 3946 303 4028 Quae
321 3943 419 4031 nuper
431 3945 558 4009 demum
575 3935 692 4006 tractari
707 3942 875 4004 accuratius,
892 3952 1017 4028 coeptae
1037 3949 1107 4002 stmt
1131 3935 1169 4000 de

128 4049 317 4131 singulorum
324 4040 505 4134 ¹scriptorurr'r
518 4047 653 4110 fontibus
667 4043 876 4138 quaesfiones:
892 4033 1007 4122 largam
1019 4041 1170 4118 omnibus,

130 4153 182 4237 qui
188 4151 377 4239 philologiae
386 4152 509 4238 cupiunt
523 4161 554 4212 et
561 4141 703 4213 omnibus
709 4147 904 4211 htunenitetis
911 4145 1017 4209 studiis
1029 4141 1172 4230 prodesse

948 4251 970 4311 7
1175 4247 1180 4262 .

859 4325 864 4356 l
