2894 4816
1127 399 1150 460 ¹1

94 551 343 634 Hesychianum‚
366 552 452 616 cuius
473 553 634 624 historiam
651 557 786 624 maxime
807 559 1040 624 memorabilem
1060 563 1147 623 multi

94 655 180 740 iique
195 655 302 716 eximii
323 654 465 716 homines
479 659 656 741 tetigerimt,
678 681 777 746 neque
791 671 894 723 tamen
908 661 1070 746 quisquam
1080 659 1146 746 ple-

95 778 139 819 ne
156 767 186 818 et
200 758 239 818 ab
255 757 342 818 omni
355 767 439 843 perte
453 759 580 822 feliciter
593 763 737 827 tractavit.
781 761 884 842 Quare
897 785 961 824 non
976 760 1145 842 defuenmt,

97 859 153 944 qui
167 880 237 921 eam
259 857 298 921 de
319 859 438 939 integro
459 881 526 923 esse
548 862 774 950 suscipiendam
795 863 1004 948 quaestionem
1025 865 1145 950 publice

96 964 327 1048 profiterentur,
349 963 428 1025 inter
441 985 518 1048 quos
533 965 660 1028 honoris
675 986 781 1030 caussa
793 963 1028 1046 Bernhardyum
1042 967 1145 1029 nomi-

97 1087 160 1143 no,
180 1065 365 1143 Halmium,
395 1067 453 1128 eir.
475 1065 724 1140 Wiesensehaffl·
740 1066 827 1150 Sym
845 1061 1015 1132 d.·Griecb.
1030 1064 1097 1152 Spu·
1112 1090 1144 1154 p.

98 1166 154 1231 45.
196 1165 263 1247 Ego
285 1163 506 1253 quo'tempore
516 1163 734 1254 Aristophar'iis
753 1165 921 1230 comoedis
943 1189 1069 1254 operam
1089 1190 1145 1230 na-

97 1291 174 1334 vare
195 1253 395 1356 incipiebam,
418 1269 544 1330 consilio
565 1291 638 1332 meo
660 1291 731 1342 cum
751 1270 792 1334 ad
806 1281 921 1333 ceteros
933 1269 1145 1352 grammaticos

100 1383 134 1435 et
146 1359 378 1456 lexicographos
391 1380 458 1431 tum
470 1381 589 1456 praeter
597 1367 725 1435 Suidam
734 1372 895 1463 praecipue
909 1367 949 1434 ad
956 1369 1146 1453 Hesychium

99 1473 235 1553 delatus,
257 1472 426 1537 sudiomm
440 1493 583 1536 meorum
595 1475 728 1555 radone,
750 1474 792 1538 ad
808 1468 1000 1561 quaestiones
1014 1472 1054 1536 de
1067 1474 1144 1536 libris

100 1598 164 1661 quo
178 1578 284 1638 utebar
302 1587 423 1638 auctore
437 1576 637 1640 instituendas
656 1580 784 1641 ferebar.
827 1575 914 1638 Felix
928 1586 1063 1654 evenus,
1085 1575 1144 1638 nisi

100 1681 205 1756 fallor,
226 1679 304 1740 mihi
318 1701 383 1741 non
401 1676 506 1741 defuit.
539 1677 629 1758 Quae
642 1692 745 1742 autem
757 1680 926 1766 repperisse
937 1679 1016 1764 mihi
1029 1675 1145 1764 videor,

102 1780 218 1842 ‹ea-iam
229 1802 299 1842 cum
312 1778 498 1842 eruditorum
511 1782 604 1848 choro
620 1782 906 1860 communicaturum·
923 1802 989 1844 nou
999 1779 1067 1865 sine
1078 1765 1146 1840 mass

103 1903 165 1963 gna
188 1904 259 1968 spe,
287 1904 339 1946 me
358 1903 468 1946 omnes
480 1884 515 1947 in*
529 1903 633 1945 meam
646 1884 830 1952 seutentiam
842 1892 1017 1958 tracbuum,
1038 1878 1095 1942 sed
1110 1900 1148 1948 ea

102 1983 256 2048 modestia
267 1985 402 2071 prodeo,
423 1986 551 2071 quaein
565 1986 615 2048 his
636 1985 759 2064 studiis,
781 1977 1077 2070 quanqrmm'omnes
1091 1979 1148 2044 de-.

103 2099 169 2166 oet,
190 2097 375 2154 tamennon
394 2111 461 2154 raro
485 2086 685 2155 desideratum
721 2087 771 2152 De
792 2109 913 2152 summa
936 2087 997 2166 rei,
1029 2086 1149 2172 opinor,

103 2213 172 2254 non
186 2190 380 2258 dubitabitur:
401 2194 435 2256 in
449 2193 574 2272 singulis
588 2193 616 2254 si
629 2194 743 2256 multos
758 2211 874 2264 errores
888 2187 1077 2270 admiserim,
1098 2186 1146 2250 iu-

104 2303 186 2360 stam
199 2279 467 2382 reprehensionem
485 2315 549 2360 nou
561 2293 688 2375 refugio.
