2894 4816
277 307 319 370 lo

275 470 461 562 pronuntiat,
494 491 529 534 ac
552 491 593 537 ne
622 467 771 534 tantilhun
795 466 920 556 quidem
944 467 1049 532 haeret
1071 467 1193 549 anxiae,
1226 465 1317 532 etde

275 575 407 661 suscepti
416 569 623 654 inagnitudine
636 573 755 652 cogitat.
798 570 838 633 Ut
849 581 952 634 autem
963 570 1126 636 Schowius
1142 594 1248 635 eorum
1261 593 1318 657 pa-

274 690 397 743 tronum
418 697 487 740 sese
509 675 611 755 gestit,
640 674 692 758 qui
710 675 924 760 interpolatum
941 678 1072 741 clamant
1092 676 1173 738 hunc
1186 675 1318 752 librum,

275 781 316 843 ita
338 783 430 844 altera
452 788 535 865 parte
554 775 754 858 Ruhnkenius
774 767 888 864 prodit,
903 779 1135 864 -gloriaturque,
1158 781 1226 840 sese
1247 787 1318 838 tan-

276 880 350 944 dem
370 892 507 946 veterum
527 879 696 942 criticorum
718 880 903 942 coniecturas
925 879 1106 944 finitissimis
1131 876 1317 960 argumentis

273 986 402 1070 probare
420 993 450 1045 et
473 983 593 1044 firmare
604 1002 710 1068 posse,
733 983 840 1067 quihus
853 982 991 1045 omnium
1006 981 1248 1048 adversariorum
1262 1002 1317 1042 co-

274 1098 362 1148 natus
385 1085 474 1147 celeri
491 1084 577 1146 ruina
601 1085 797 1152 obruerentur
818 1096 849 1146 et
870 1084 1078 1148 conciderent:
1106 1083 1201 1170 praef.
1212 1105 1243 1168 p.
1256 1080 1316 1146 IV.

273 1186 391 1272 Accipe
412 1187 477 1251 eius
495 1185 699 1253 narrationem
719 1186 828 1272 ipsam.
872 1236 890 1267 ‚,
904 1185 982 1250 Cum
1005 1187 1125 1249 Parisiis
1145 1183 1317 1250 studiorum

206 1280 208 1284 ¹
274 1310 378 1352 caussa
392 1309 540 1366 versarer,
561 1287 639 1364 inter
650 1287 708 1348 alia
722 1287 834 1350 Lexica
848 1291 970 1375 antiqua
982 1287 1115 1351 necdum
1131 1285 1220 1366 edita,
1236 1308 1315 1374 quae

272 1391 465 1456 Bibliotheca
485 1389 741 1470 Sangermanensi
763 1391 967 1471 continentur,
1000 1389 1154 1475 'descripsi
1177 1389 1315 1452 Lexicon

271 1492 483 1573 Rhetoricum,
506 1494 606 1554 bonae
629 1493 723 1571 frugis
743 1494 967 1578 plenissimum,
990 1505 1079 1578 atque
1100 1491 1207 1557 adius
1228 1490 1313 1554 Atti-

273 1597 570 1683 cumexplioandum
581 1596 730 1686 imprimis
742 1608 1006 1683 comparatum-
1020 1595 1240 1674 HocLexicom
1255 1594 1313 1658 de-

272 1699 353 1762 cimo
375 1703 477 1762 sec'ulo
498 1701 531 1762 in
552 1702 731 1762 membrana
757 1699 916 1786 scriptum,
948 1699 1015 1763 siue
1038 1696 1149 1764 codicis
1170 1697 1249 1760 illius
1271 1697 1312 1757 li-

271 1801 402 1880 brarius,
423 1801 490 1865 sire
502 1802 577 1866 alius
594 1824 632 1864 eo
647 1803 812 1888 antiquior,
835 1802 949 1887 passim
962 1801 1154 1887 interpolaret
1163 1799 1311 1880 Hesychii

270 1904 389 1984 glossis.
431 1901 477 1966 At
491 1905 587 1989 qualis
606 1905 776 1986 Hesychii?
808 1903 880 1966 Non
900 1905 1043 1982 truncati,
1072 1901 1211 1979 mutilati,
1240 1923 1311 1964 cor-

268 2007 362 2090 rupti,
385 2027 444 2090 quo
465 2029 546 2070 nunc
567 2007 700 2068 melioris
724 2002 908 2067 desiderium
933 2008 1096 2084 levamus,
1113 2002 1168 2068 sed
1191 2005 1310 2084 integri,

268 2109 375 2170 illibati
391 2120 421 2170 et
445 2109 617 2176 omnilabe
638 2107 794 2170 carentis.“
836 2107 971 2172 Haberet
985 2129 1059 2171 sane
1081 2109 1139 2172 Vir
1153 2121 1310 2195 praestan-

267 2209 416 2288 tissimus,
440 2232 491 2272 cur
508 2212 568 2272 hoc
582 2220 700 2294 reperto
714 2211 873 2271 laetaretm
890 2219 921 2272 et
935 2211 1122 2292 gloriaretur,
1165 2210 1191 2272 si
1209 2209 1308 2273 modo

247 2355 249 2362 ι
267 2310 300 2374 iu
313 2312 366 2374 illo
380 2311 478 2374 lexico
499 2316 595 2376 ullum
611 2323 767 2398 appareret
788 2312 967 2392 vestigium,
990 2335 1029 2376 ex
1045 2335 1104 2399 quo
1127 2325 1207 2376 certo
1220 2315 1309 2375 colli-

262 2433 338 2494 gere
349 2435 525 2500 possemus,
548 2438 587 2478 ex
600 2426 704 2478 nostro
719 2416 875 2497 Hesychio
889 2417 998 2480 hausta
1010 2437 1091 2494 esse,
1114 2436 1190 2500 quae
1202 2415 1246 2476 ibi
1260 2417 1308 2478 le-

266 2527 383 2596 guntur.
427 2516 461 2580 Si
475 2516 555 2604 apud
571 2519 761 2600 Hesychium
775 2518 903 2598 legimus
924 2511 1102 2601 „hiemanti
1123 2512 1170 2582 δι’
1191 2511 1309 2600 ἅρμα-

259 2638 332 2694 eoe-
372 2613 562 2704 ’Adqvuiod‘
582 2621 778 2685 inrhetorico
794 2633 897 2684 autem
907 2621 1005 2683 lexico
1027 2615 1148 2700 „adeor
1165 2613 1309 2705 Ἀθήνη-

264 2733 320 2786 σιν
341 2717 378 2786 ἐν
398 2724 440 2808 τῇ
461 2716 737 2805 πάρνηθι,’ὅπου
758 2721 841 2807 Διὸς
857 2715 1157 2805 ‚torquerentur
1176 2718 1308 2804 βωμός“

265 2823 412 2904 Hesychii
425 2827 520 2887 verba
539 2847 612 2889 sane
629 2826 830 2911 explicantur3
860 2823 916 2886 sed
932 2823 1015 2886 unde
1029 2823 1307 2888 sciehatRuhnke-
1386 2877 1388 2882 .

264 2924 345 3004 nius,
368 2947 407 2988 ex
419 2927 574 3008 Hesychio
588 2928 678 2990 lexici
688 2929 768 2990 illius
781 2926 957 3013 scriptorem
970 2947 1025 2990 sua
1038 2927 1209 3012 accepisse?
1238 2927 1306 2991 Re-

263 3025 345 3110 liqua
369 3028 473 3090 omnia
494 3028 630 3095 simililer
649 3051 717 3092 sese
732 3031 856 3092 habent.
909 3029 1045 3092 Lexicon
1063 3028 1152 3108 illud,
1185 3053 1225 3094 ex
1240 3053 1304 3116 quo

242 3131 246 3144 '
258 3125 463 3195 ¹Ruhnlrenius
471 3131 625 3217 antiquam
632 3132 780 3214 Hesychii
787 3113 899 3194 faciem
911 3150 946 3192 se
956 3132 1136 3211 cognouisse
1144 3131 1245 3212 credit,
1260 3136 1301 3198 ab

260 3227 391 3296 [minan.
406 3230 563 3313 Beldtero,
584 3231 717 3304 Anecdt.
729 3231 759 3311 I,
779 3254 810 3318 p.
830 3232 890 3297 195
903 3254 986 3318 seqq.
1006 3221 1199 3298 editumest.
1239 3233 1303 3298 Al-

256 3335 455 3419 phebeticum
464 3347 547 3398 tenet
564 3334 688 3421 quidem
708 3333 865 3414 ordinem,
887 3335 1010 3415 sedita,
1032 3348 1067 3398 ut
1087 3337 1216 3422 primam
1229 3348 1303 3398 tan-

259 3437 436 3518 tummodo,
461 3460 528 3501 non
547 3435 726 3515 secundem,
755 3438 922 3501 tertiamve·
938 3439 1056 3502 literam
1085 3452 1176 3504 curet.
1218 3436 1302 3518 Qui-

259 3539 317 3602 bus
330 3539 419 3619 igitur
431 3563 470 3603 ex
482 3539 617 3619 vestigiis
624 3539 872 3626 interpolatorem
882 3541 934 3604 illa
946 3542 1044 3606 lexico
1058 3543 1208 3610 rhetorico
1219 3542 1300 3605 inie-

259 3635 336 3698 cisse
357 3642 509 3720 collegerit
527 3641 744 3724 Ruhnkenius‚
774 3643 915 3730 equidem
931 3666 996 3711 non
1018 3645 1177 3731 perspicio.
1218 3643 1301 3710 Etsi

257 3733 504 3824 interpolatorem
531 3767 604 3810 vere
631 3744 896 3832 deprehendisset,
929 3767 980 3807 cur
1002 3746 1054 3809 ille
1074 3769 1113 3808 ex
1139 3748 1299 3829 Hesychio

257 3840 363 3904 omnia
381 3842 514 3916 hauserit
533 3869 659 3912 necesse
679 3859 740 3926 est,
762 3849 813 3933 qui
832 3849 899 3933 ipse
916 3847 1038 3931 antiqua
1061 3849 1300 3912 aliorumlexica

256 3941 421 4028 exscripsit.
463 3942 573 4008 Nonne
593 3949 682 4028 igitur
697 3947 758 4011 duo
783 3947 910 4012 eosdem
922 3950 1022 4014 fontes
1035 3951 1122 4036 sequi
1133 3953 1299 4036 poterant?

256 4040 413 4135 Denique,
444 4067 538 4135 qaum
560 4046 761 4120 Ruhnkeniue
780 4053 857 4118 haec
877 4051 1036 4131 scriberet,
1058 4050 1111 4118 diu
1138 4053 1320 4133 cognittnn‘
