<?xml version="1.0" encoding="UTF-8"?>
<!DOCTYPE html PUBLIC "-//W3C//DTD XHTML 1.0 Transitional//EN"
    "http://www.w3.org/TR/xhtml1/DTD/xhtml1-transitional.dtd">
<html xmlns="http://www.w3.org/1999/xhtml" xml:lang="en" lang="en">
 <head>
  <title>
</title>
<meta http-equiv="Content-Type" content="text/html;charset=utf-8" />
  <meta name='ocr-system' content='tesseract 3.04.00' />
  <meta name='ocr-capabilities' content='ocr_page ocr_carea ocr_par ocr_line ocrx_word'/>
</head>
<body>
  <div class='ocr_page' id='page_1' title='image "./caroliferdinand01rankgoog_0084.png"; bbox 0 0 2918 4806; ppageno 0'>
   <div class='ocr_carea' id='block_1_1' title="bbox 1117 351 1171 414">
    <p class='ocr_par' dir='ltr' id='par_1_1' title="bbox 1117 351 1171 414">
     <span class='ocr_line' id='line_1_1' title="bbox 1117 351 1171 414; baseline 0 0"><span class='ocrx_word' id='word_1_1' title='bbox 1117 351 1171 414; x_wconf 64' lang='grc' dir='ltr'><strong>π’</strong></span> 
     </span>
    </p>
   </div>
   <div class='ocr_carea' id='block_1_2' title="bbox 30 499 1248 4189">
    <p class='ocr_par' dir='ltr' id='par_1_2' title="bbox 30 499 1248 3676">
     <span class='ocr_line' id='line_1_2' title="bbox 116 499 1171 600; baseline 0.007 -26"><span class='ocrx_word' id='word_1_2' title='bbox 116 499 288 593; x_wconf 65' lang='grc' dir='ltr'><strong>ΗοέῨοΙιίιιε</strong></span> <span class='ocrx_word' id='word_1_3' title='bbox 310 509 401 590; x_wconf 84' lang='lat' dir='ltr'><strong>dixit,</strong></span> <span class='ocrx_word' id='word_1_4' title='bbox 432 507 798 596; x_wconf 77' lang='lat' dir='ltr'><strong>vocumquenadiunm</strong></span> <span class='ocrx_word' id='word_1_5' title='bbox 816 521 847 572; x_wconf 88' lang='lat' dir='ltr'><strong>et</strong></span> <span class='ocrx_word' id='word_1_6' title='bbox 868 511 1082 600; x_wconf 78' lang='lat' dir='ltr'><strong>explicatartun</strong></span> <span class='ocrx_word' id='word_1_7' title='bbox 1106 511 1171 584; x_wconf 73' lang='lat' dir='ltr'><strong>co-v</strong></span> 
     </span>
     <span class='ocr_line' id='line_1_3' title="bbox 116 613 1158 704; baseline 0.011 -28"><span class='ocrx_word' id='word_1_8' title='bbox 116 614 201 700; x_wconf 82' lang='lat' dir='ltr'><strong>piam</strong></span> <span class='ocrx_word' id='word_1_9' title='bbox 219 613 382 704; x_wconf 70' lang='lat' dir='ltr'>perpendit</span> <span class='ocrx_word' id='word_1_10' title='bbox 399 626 431 677; x_wconf 82' lang='lat' dir='ltr'><strong>&#39;et</strong></span> <span class='ocrx_word' id='word_1_11' title='bbox 455 613 569 678; x_wconf 87' lang='lat' dir='ltr'><strong>omissa</strong></span> <span class='ocrx_word' id='word_1_12' title='bbox 583 613 787 699; x_wconf 83' lang='lat' dir='ltr'><strong>scriptorum,</strong></span> <span class='ocrx_word' id='word_1_13' title='bbox 809 614 862 699; x_wconf 92' lang='lat' dir='ltr'><strong>qui</strong></span> <span class='ocrx_word' id='word_1_14' title='bbox 874 615 923 680; x_wconf 85' lang='lat' dir='ltr'><strong>usi</strong></span> <span class='ocrx_word' id='word_1_15' title='bbox 935 629 1006 680; x_wconf 86' lang='lat' dir='ltr'><strong>sunt</strong></span> <span class='ocrx_word' id='word_1_16' title='bbox 1021 622 1158 702; x_wconf 82' lang='lat' dir='ltr'><strong>vocibus,</strong></span> 
     </span>
     <span class='ocr_line' id='line_1_4' title="bbox 116 715 1248 804; baseline 0.01 -26"><span class='ocrx_word' id='word_1_17' title='bbox 116 717 245 780; x_wconf 88' lang='lat' dir='ltr'><strong>nomina</strong></span> <span class='ocrx_word' id='word_1_18' title='bbox 265 715 470 804; x_wconf 85' lang='lat' dir='ltr'><strong>librorumque</strong></span> <span class='ocrx_word' id='word_1_19' title='bbox 496 737 604 780; x_wconf 88' lang='lat' dir='ltr'><strong>eorum</strong></span> <span class='ocrx_word' id='word_1_20' title='bbox 629 715 733 779; x_wconf 87' lang='lat' dir='ltr'><strong>titulos</strong></span> <span class='ocrx_word' id='word_1_21' title='bbox 761 717 917 796; x_wconf 87' lang='lat' dir='ltr'><strong>neglectos</strong></span> <span class='ocrx_word' id='word_1_22' title='bbox 934 721 1061 800; x_wconf 66' lang='lat' dir='ltr'><strong>cogitio</strong></span> <span class='ocrx_word' id='word_1_23' title='bbox 1094 727 1159 788; x_wconf 91' lang='lat' dir='ltr'><strong>eius</strong></span> <span class='ocrx_word' id='word_1_24' title='bbox 1243 727 1248 736; x_wconf 57' lang='lat'><strong>&#39;⁴</strong></span> 
     </span>
     <span class='ocr_line' id='line_1_5' title="bbox 116 817 1162 904; baseline 0.009 -22"><span class='ocrx_word' id='word_1_25' title='bbox 116 820 236 883; x_wconf 77' lang='lat' dir='ltr'><strong>annuus</strong></span> <span class='ocrx_word' id='word_1_26' title='bbox 255 824 332 884; x_wconf 87' lang='lat' dir='ltr'><strong>ultro</strong></span> <span class='ocrx_word' id='word_1_27' title='bbox 347 820 417 882; x_wconf 91' lang='lat' dir='ltr'><strong>illuc</strong></span> <span class='ocrx_word' id='word_1_28' title='bbox 436 821 577 898; x_wconf 87' lang='lat' dir='ltr'><strong>trahitur,</strong></span> <span class='ocrx_word' id='word_1_29' title='bbox 599 830 634 880; x_wconf 85' lang='lat' dir='ltr'><strong>ut</strong></span> <span class='ocrx_word' id='word_1_30' title='bbox 651 820 730 881; x_wconf 89' lang='lat' dir='ltr'><strong>hanc</strong></span> <span class='ocrx_word' id='word_1_31' title='bbox 753 839 820 880; x_wconf 86' lang='lat' dir='ltr'><strong>esse</strong></span> <span class='ocrx_word' id='word_1_32' title='bbox 834 818 987 904; x_wconf 78' lang='lat' dir='ltr'>epitomae</span> <span class='ocrx_word' id='word_1_33' title='bbox 1010 817 1162 891; x_wconf 83' lang='lat' dir='ltr'><strong>rationem</strong></span> 
     </span>
     <span class='ocr_line' id='line_1_6' title="bbox 30 918 1168 1012; baseline 0.006 -26"><span class='ocrx_word' id='word_1_34' title='bbox 30 1005 36 1012; x_wconf 32' lang='grc' dir='ltr'>Ι</span> <span class='ocrx_word' id='word_1_35' title='bbox 116 921 227 986; x_wconf 80' lang='lat' dir='ltr'><strong>eredat.</strong></span> <span class='ocrx_word' id='word_1_36' title='bbox 271 919 501 1008; x_wconf 82' lang='lat' dir='ltr'><strong>Quaproptera</strong></span> <span class='ocrx_word' id='word_1_37' title='bbox 521 921 706 990; x_wconf 84' lang='lat' dir='ltr'><strong>Ruhnkenio</strong></span> <span class='ocrx_word' id='word_1_38' title='bbox 723 918 836 982; x_wconf 89' lang='lat' dir='ltr'><strong>mirum</strong></span> <span class='ocrx_word' id='word_1_39' title='bbox 854 933 999 1005; x_wconf 88' lang='lat' dir='ltr'><strong>quantum</strong></span> <span class='ocrx_word' id='word_1_40' title='bbox 1020 923 1168 993; x_wconf 64' lang='lat' dir='ltr'><strong>discenti·</strong></span> 
     </span>
     <span class='ocr_line' id='line_1_7' title="bbox 115 1023 1245 1111; baseline 0.003 -22"><span class='ocrx_word' id='word_1_41' title='bbox 115 1045 201 1104; x_wconf 90' lang='lat' dir='ltr'><strong>mus,</strong></span> <span class='ocrx_word' id='word_1_42' title='bbox 224 1026 275 1111; x_wconf 91' lang='lat' dir='ltr'><strong>qui</strong></span> <span class='ocrx_word' id='word_1_43' title='bbox 294 1029 375 1088; x_wconf 88' lang='lat' dir='ltr'><strong>hanc</strong></span> <span class='ocrx_word' id='word_1_44' title='bbox 393 1048 459 1089; x_wconf 89' lang='lat' dir='ltr'><strong>rem</strong></span> <span class='ocrx_word' id='word_1_45' title='bbox 474 1026 572 1089; x_wconf 86' lang='lat' dir='ltr'><strong>obiter</strong></span> <span class='ocrx_word' id='word_1_46' title='bbox 593 1023 704 1103; x_wconf 87' lang='lat' dir='ltr'><strong>tetigit,</strong></span> <span class='ocrx_word' id='word_1_47' title='bbox 723 1044 823 1108; x_wconf 86' lang='lat' dir='ltr'><strong>neque</strong></span> <span class='ocrx_word' id='word_1_48' title='bbox 838 1034 936 1085; x_wconf 88' lang='lat' dir='ltr'><strong>totam</strong></span> <span class='ocrx_word' id='word_1_49' title='bbox 950 1025 1015 1088; x_wconf 86' lang='lat' dir='ltr'><strong>eius</strong></span> <span class='ocrx_word' id='word_1_50' title='bbox 1028 1028 1093 1091; x_wconf 88' lang='lat' dir='ltr'><strong>vim</strong></span> <span class='ocrx_word' id='word_1_51' title='bbox 1107 1053 1161 1093; x_wconf 86' lang='lat' dir='ltr'><strong>co-</strong></span> <span class='ocrx_word' id='word_1_52' title='bbox 1234 1061 1245 1077; x_wconf 39' lang='lat'><strong>*1</strong></span> 
     </span>
     <span class='ocr_line' id='line_1_8' title="bbox 117 1121 1162 1213; baseline 0.01 -25"><span class='ocrx_word' id='word_1_53' title='bbox 117 1123 232 1208; x_wconf 72' lang='lat' dir='ltr'><strong>gno&#39;vit.</strong></span> <span class='ocrx_word' id='word_1_54' title='bbox 285 1127 373 1191; x_wconf 86' lang='lat' dir='ltr'><strong>Audi</strong></span> <span class='ocrx_word' id='word_1_55' title='bbox 392 1131 489 1210; x_wconf 91' lang='lat' dir='ltr'><strong>enim,</strong></span> <span class='ocrx_word' id='word_1_56' title='bbox 523 1121 615 1213; x_wconf 85' lang='lat' dir='ltr'><strong>quam</strong></span> <span class='ocrx_word' id='word_1_57' title='bbox 633 1127 739 1212; x_wconf 84' lang='lat' dir='ltr'>paucis</span> <span class='ocrx_word' id='word_1_58' title='bbox 757 1125 859 1190; x_wconf 82' lang='lat' dir='ltr'><strong>verbis</strong></span> <span class='ocrx_word' id='word_1_59' title='bbox 878 1147 1030 1213; x_wconf 77' lang='lat' dir='ltr'><strong>quartique</strong></span> <span class='ocrx_word' id='word_1_60' title='bbox 1048 1131 1162 1198; x_wconf 91' lang='lat' dir='ltr'><strong>incerte</strong></span> 
     </span>
     <span class='ocr_line' id='line_1_9' title="bbox 117 1228 1168 1322; baseline 0.006 -28"><span class='ocrx_word' id='word_1_61' title='bbox 117 1231 222 1294; x_wconf 91' lang='lat' dir='ltr'><strong>omnia</strong></span> <span class='ocrx_word' id='word_1_62' title='bbox 243 1233 415 1296; x_wconf 85' lang='lat' dir='ltr'><strong>absolverit.</strong></span> <span class='ocrx_word' id='word_1_63' title='bbox 468 1229 559 1310; x_wconf 90' lang='lat' dir='ltr'><strong>„Sed</strong></span> <span class='ocrx_word' id='word_1_64' title='bbox 577 1230 663 1292; x_wconf 87' lang='lat' dir='ltr'><strong>hoc“</strong></span> <span class='ocrx_word' id='word_1_65' title='bbox 676 1228 728 1290; x_wconf 81' lang='lat' dir='ltr'><strong>&#39;ait</strong></span> <span class='ocrx_word' id='word_1_66' title='bbox 747 1248 898 1306; x_wconf 83' lang='lat' dir='ltr'><strong>„caussae</strong></span> <span class='ocrx_word' id='word_1_67' title='bbox 919 1242 1040 1294; x_wconf 88' lang='lat' dir='ltr'><strong>nostrae</strong></span> <span class='ocrx_word' id='word_1_68' title='bbox 1060 1253 1168 1322; x_wconf 84' lang='lat' dir='ltr'><strong>neque·</strong></span> 
     </span>
     <span class='ocr_line' id='line_1_10' title="bbox 115 1329 1162 1425; baseline 0.004 -30"><span class='ocrx_word' id='word_1_69' title='bbox 115 1331 254 1419; x_wconf 89' lang='lat' dir='ltr'><strong>prodest,</strong></span> <span class='ocrx_word' id='word_1_70' title='bbox 276 1355 376 1420; x_wconf 86' lang='lat' dir='ltr'><strong>neque</strong></span> <span class='ocrx_word' id='word_1_71' title='bbox 389 1329 485 1398; x_wconf 86' lang='lat' dir='ltr'><strong>obest.</strong></span> <span class='ocrx_word' id='word_1_72' title='bbox 530 1329 615 1411; x_wconf 89' lang='lat' dir='ltr'><strong>Quid</strong></span> <span class='ocrx_word' id='word_1_73' title='bbox 638 1331 721 1393; x_wconf 85' lang='lat' dir='ltr'><strong>enim</strong></span> <span class='ocrx_word' id='word_1_74' title='bbox 732 1329 875 1416; x_wconf 88' lang='lat' dir='ltr'><strong>impedit,</strong></span> <span class='ocrx_word' id='word_1_75' title='bbox 896 1334 1086 1416; x_wconf 75' lang='lat' dir='ltr'><strong>quominus,</strong></span> <span class='ocrx_word' id='word_1_76' title='bbox 1109 1341 1162 1425; x_wconf 86' lang='lat' dir='ltr'><strong>qui</strong></span> 
     </span>
     <span class='ocr_line' id='line_1_11' title="bbox 116 1427 1161 1526; baseline 0.006 -28"><span class='ocrx_word' id='word_1_77' title='bbox 116 1447 185 1498; x_wconf 89' lang='lat' dir='ltr'><strong>ante</strong></span> <span class='ocrx_word' id='word_1_78' title='bbox 196 1427 413 1500; x_wconf 76' lang='lat' dir='ltr'><strong>nonnullortun</strong></span> <span class='ocrx_word' id='word_1_79' title='bbox 427 1433 702 1500; x_wconf 87' lang='lat' dir='ltr'><strong>Grammaticorum</strong></span> <span class='ocrx_word' id='word_1_80' title='bbox 713 1433 825 1497; x_wconf 86' lang='lat' dir='ltr'><strong>Lexica</strong></span> <span class='ocrx_word' id='word_1_81' title='bbox 839 1434 1050 1517; x_wconf 66' lang='lat' dir='ltr'><strong>contraxisset,</strong></span> <span class='ocrx_word' id='word_1_82' title='bbox 1074 1454 1161 1526; x_wconf 89' lang='lat' dir='ltr'><strong>post-</strong></span> 
     </span>
     <span class='ocr_line' id='line_1_12' title="bbox 108 1533 1189 1623; baseline 0.001 -17"><span class='ocrx_word' id='word_1_83' title='bbox 108 1533 174 1606; x_wconf 84' lang='lat' dir='ltr'><strong>hac</strong></span> <span class='ocrx_word' id='word_1_84' title='bbox 189 1562 229 1602; x_wconf 90' lang='lat' dir='ltr'><strong>ex</strong></span> <span class='ocrx_word' id='word_1_85' title='bbox 242 1542 380 1603; x_wconf 89' lang='lat' dir='ltr'><strong>omnium</strong></span> <span class='ocrx_word' id='word_1_86' title='bbox 393 1541 483 1603; x_wconf 88' lang='lat' dir='ltr'><strong>huius</strong></span> <span class='ocrx_word' id='word_1_87' title='bbox 506 1538 624 1619; x_wconf 89' lang='lat' dir='ltr'><strong>generis</strong></span> <span class='ocrx_word' id='word_1_88' title='bbox 638 1537 721 1600; x_wconf 90' lang='lat' dir='ltr'><strong>libris</strong></span> <span class='ocrx_word' id='word_1_89' title='bbox 732 1536 904 1601; x_wconf 65' lang='lat' dir='ltr'><strong>maersale</strong></span> <span class='ocrx_word' id='word_1_90' title='bbox 915 1536 1071 1623; x_wconf 75' lang='lat' dir='ltr'><strong>quoddam</strong></span> <span class='ocrx_word' id='word_1_91' title='bbox 1083 1543 1170 1607; x_wconf 78' lang='lat' dir='ltr'><strong>lexi-¹</strong></span> <span class='ocrx_word' id='word_1_92' title='bbox 1187 1551 1189 1554; x_wconf 82' lang='grc'><strong>’</strong></span> 
     </span>
     <span class='ocr_line' id='line_1_13' title="bbox 117 1638 1162 1729; baseline 0.009 -26"><span class='ocrx_word' id='word_1_93' title='bbox 117 1663 175 1704; x_wconf 90' lang='lat' dir='ltr'><strong>con</strong></span> <span class='ocrx_word' id='word_1_94' title='bbox 196 1638 384 1729; x_wconf 81' lang='lat' dir='ltr'><strong>compilarit?</strong></span> <span class='ocrx_word' id='word_1_95' title='bbox 428 1640 626 1724; x_wconf 83' lang='lat' dir='ltr'><strong>Quamquam</strong></span> <span class='ocrx_word' id='word_1_96' title='bbox 644 1659 737 1724; x_wconf 86' lang='lat' dir='ltr'><strong>saepe</strong></span> <span class='ocrx_word' id='word_1_97' title='bbox 756 1639 874 1700; x_wconf 89' lang='lat' dir='ltr'><strong>animus</strong></span> <span class='ocrx_word' id='word_1_98' title='bbox 891 1649 1022 1705; x_wconf 86' lang='lat' dir='ltr'><strong>tentatus</strong></span> <span class='ocrx_word' id='word_1_99' title='bbox 1044 1659 1105 1727; x_wconf 89' lang='lat' dir='ltr'><strong>est,</strong></span> <span class='ocrx_word' id='word_1_100' title='bbox 1128 1662 1162 1712; x_wconf 90' lang='lat' dir='ltr'><strong>ut</strong></span> 
     </span>
     <span class='ocr_line' id='line_1_14' title="bbox 115 1738 1161 1831; baseline 0.001 -23"><span class='ocrx_word' id='word_1_101' title='bbox 115 1757 255 1831; x_wconf 86' lang='lat' dir='ltr'><strong>putarem</strong></span> <span class='ocrx_word' id='word_1_102' title='bbox 279 1744 318 1808; x_wconf 94' lang='lat' dir='ltr'><strong>de</strong></span> <span class='ocrx_word' id='word_1_103' title='bbox 339 1746 398 1808; x_wconf 90' lang='lat' dir='ltr'><strong>alio</strong></span> <span class='ocrx_word' id='word_1_104' title='bbox 411 1743 606 1825; x_wconf 87' lang='lat' dir='ltr'><strong>Diogeniano</strong></span> <span class='ocrx_word' id='word_1_105' title='bbox 621 1738 735 1802; x_wconf 87' lang='lat' dir='ltr'><strong>Suidae</strong></span> <span class='ocrx_word' id='word_1_106' title='bbox 758 1760 932 1804; x_wconf 89' lang='lat' dir='ltr'><strong>sermonem</strong></span> <span class='ocrx_word' id='word_1_107' title='bbox 945 1751 1023 1824; x_wconf 74' lang='lat' dir='ltr'><strong>esse,</strong></span> <span class='ocrx_word' id='word_1_108' title='bbox 1044 1746 1083 1810; x_wconf 90' lang='lat' dir='ltr'><strong>de</strong></span> <span class='ocrx_word' id='word_1_109' title='bbox 1101 1753 1161 1814; x_wconf 85' lang='lat' dir='ltr'><strong>alio</strong></span> 
     </span>
     <span class='ocr_line' id='line_1_15' title="bbox 116 1841 1161 1933; baseline 0.004 -23"><span class='ocrx_word' id='word_1_110' title='bbox 116 1849 283 1930; x_wconf 83' lang='lat' dir='ltr'><strong>Hesychio.</strong></span> <span class='ocrx_word' id='word_1_111' title='bbox 346 1847 482 1910; x_wconf 83' lang='lat' dir='ltr'><strong>Fuertmt</strong></span> <span class='ocrx_word' id='word_1_112' title='bbox 502 1846 585 1908; x_wconf 90' lang='lat' dir='ltr'><strong>enim</strong></span> <span class='ocrx_word' id='word_1_113' title='bbox 615 1841 678 1904; x_wconf 91' lang='lat' dir='ltr'><strong>duo</strong></span> <span class='ocrx_word' id='word_1_114' title='bbox 697 1843 788 1904; x_wconf 88' lang='lat' dir='ltr'><strong>huius</strong></span> <span class='ocrx_word' id='word_1_115' title='bbox 807 1843 942 1908; x_wconf 89' lang='lat' dir='ltr'><strong>nominis</strong></span> <span class='ocrx_word' id='word_1_116' title='bbox 965 1852 1161 1933; x_wconf 76' lang='lat' dir='ltr'><strong>gratmnatici,</strong></span> 
     </span>
     <span class='ocr_line' id='line_1_16' title="bbox 117 1945 1163 2029; baseline -0.003 -16"><span class='ocrx_word' id='word_1_117' title='bbox 117 1950 229 2014; x_wconf 87' lang='lat' dir='ltr'><strong>eodem</strong></span> <span class='ocrx_word' id='word_1_118' title='bbox 246 1950 340 2014; x_wconf 90' lang='lat' dir='ltr'><strong>Suida</strong></span> <span class='ocrx_word' id='word_1_119' title='bbox 352 1962 446 2029; x_wconf 88' lang='lat' dir='ltr'><strong>teste,</strong></span> <span class='ocrx_word' id='word_1_120' title='bbox 468 1947 751 2023; x_wconf 84' lang='lat' dir='ltr'><strong>alterHeracleota‚</strong></span> <span class='ocrx_word' id='word_1_121' title='bbox 773 1948 847 2008; x_wconf 87' lang='lat' dir='ltr'><strong>alter</strong></span> <span class='ocrx_word' id='word_1_122' title='bbox 860 1945 1059 2029; x_wconf 84' lang='lat' dir='ltr'><strong>Cyzicenus.“</strong></span> <span class='ocrx_word' id='word_1_123' title='bbox 1098 1955 1163 2018; x_wconf 77' lang='lat' dir='ltr'><strong>Vix</strong></span> 
     </span>
     <span class='ocr_line' id='line_1_17' title="bbox 116 2047 1161 2140; baseline -0.003 -24"><span class='ocrx_word' id='word_1_124' title='bbox 116 2047 241 2134; x_wconf 82' lang='lat' dir='ltr'>intelligi</span> <span class='ocrx_word' id='word_1_125' title='bbox 260 2047 373 2140; x_wconf 86' lang='lat' dir='ltr'><strong>potest,</strong></span> <span class='ocrx_word' id='word_1_126' title='bbox 396 2073 457 2138; x_wconf 92' lang='lat' dir='ltr'><strong>quo</strong></span> <span class='ocrx_word' id='word_1_127' title='bbox 481 2049 606 2113; x_wconf 87' lang='lat' dir='ltr'><strong>tandem</strong></span> <span class='ocrx_word' id='word_1_128' title='bbox 624 2047 721 2110; x_wconf 92' lang='lat' dir='ltr'><strong>modo</strong></span> <span class='ocrx_word' id='word_1_129' title='bbox 740 2049 837 2110; x_wconf 92' lang='lat' dir='ltr'><strong>homo</strong></span> <span class='ocrx_word' id='word_1_130' title='bbox 855 2048 1107 2134; x_wconf 77' lang='lat' dir='ltr'><strong>prudentissimus</strong></span> <span class='ocrx_word' id='word_1_131' title='bbox 1128 2060 1161 2121; x_wconf 81' lang='lat' dir='ltr'><strong>in</strong></span> 
     </span>
     <span class='ocr_line' id='line_1_18' title="bbox 116 2149 1161 2240; baseline 0.005 -20"><span class='ocrx_word' id='word_1_132' title='bbox 116 2159 164 2220; x_wconf 88' lang='lat' dir='ltr'><strong>his</strong></span> <span class='ocrx_word' id='word_1_133' title='bbox 183 2159 293 2220; x_wconf 89' lang='lat' dir='ltr'><strong>talibus</strong></span> <span class='ocrx_word' id='word_1_134' title='bbox 311 2156 515 2240; x_wconf 82' lang='lat' dir='ltr'><strong>acquiescere,</strong></span> <span class='ocrx_word' id='word_1_135' title='bbox 539 2175 593 2217; x_wconf 88' lang='lat' dir='ltr'><strong>sua</strong></span> <span class='ocrx_word' id='word_1_136' title='bbox 607 2168 739 2239; x_wconf 87' lang='lat' dir='ltr'><strong>persona</strong></span> <span class='ocrx_word' id='word_1_137' title='bbox 757 2149 918 2231; x_wconf 90' lang='lat' dir='ltr'><strong>indignum</strong></span> <span class='ocrx_word' id='word_1_138' title='bbox 937 2176 1002 2216; x_wconf 92' lang='lat' dir='ltr'><strong>non</strong></span> <span class='ocrx_word' id='word_1_139' title='bbox 1013 2157 1161 2226; x_wconf 82' lang='lat' dir='ltr'><strong>iudicarit.</strong></span> 
     </span>
     <span class='ocr_line' id='line_1_19' title="bbox 113 2243 1162 2336; baseline -0.005 -13"><span class='ocrx_word' id='word_1_140' title='bbox 113 2243 181 2323; x_wconf 86' lang='lat' dir='ltr'><strong>¹Sed</strong></span> <span class='ocrx_word' id='word_1_141' title='bbox 201 2259 347 2322; x_wconf 85' lang='lat' dir='ltr'><strong>accedunt</strong></span> <span class='ocrx_word' id='word_1_142' title='bbox 368 2259 441 2336; x_wconf 88' lang='lat' dir='ltr'><strong>alia,</strong></span> <span class='ocrx_word' id='word_1_143' title='bbox 462 2259 514 2321; x_wconf 83' lang='lat' dir='ltr'><strong>vel</strong></span> <span class='ocrx_word' id='word_1_144' title='bbox 537 2257 634 2336; x_wconf 88' lang='lat' dir='ltr'><strong>magis</strong></span> <span class='ocrx_word' id='word_1_145' title='bbox 654 2256 739 2317; x_wconf 89' lang='lat' dir='ltr'><strong>mira.</strong></span> <span class='ocrx_word' id='word_1_146' title='bbox 784 2243 910 2319; x_wconf 67' lang='lat' dir='ltr'><strong>Adnuit</strong></span> <span class='ocrx_word' id='word_1_147' title='bbox 928 2258 1048 2322; x_wconf 87' lang='lat' dir='ltr'><strong>enimc</strong></span> <span class='ocrx_word' id='word_1_148' title='bbox 1070 2259 1162 2326; x_wconf 83' lang='lat' dir='ltr'><strong>Parn.</strong></span> 
     </span>
     <span class='ocr_line' id='line_1_20' title="bbox 117 2358 1162 2451; baseline 0.004 -25"><span class='ocrx_word' id='word_1_149' title='bbox 117 2365 193 2451; x_wconf 89' lang='lat' dir='ltr'>phili</span> <span class='ocrx_word' id='word_1_150' title='bbox 211 2365 311 2426; x_wconf 87' lang='lat' dir='ltr'><strong>lexico</strong></span> <span class='ocrx_word' id='word_1_151' title='bbox 325 2367 508 2443; x_wconf 83' lang='lat' dir='ltr'><strong>fragmenta,</strong></span> <span class='ocrx_word' id='word_1_152' title='bbox 532 2379 550 2420; x_wconf 90' lang='lat' dir='ltr'><strong>a</strong></span> <span class='ocrx_word' id='word_1_153' title='bbox 569 2359 704 2444; x_wconf 88' lang='lat' dir='ltr'><strong>pluribus</strong></span> <span class='ocrx_word' id='word_1_154' title='bbox 724 2358 918 2444; x_wconf 83' lang='lat' dir='ltr'><strong>scriptoribus</strong></span> <span class='ocrx_word' id='word_1_155' title='bbox 928 2375 1062 2443; x_wconf 80' lang='lat' dir='ltr'><strong>servata3</strong></span> <span class='ocrx_word' id='word_1_156' title='bbox 1084 2365 1162 2450; x_wconf 82' lang='lat' dir='ltr'><strong>quae</strong></span> 
     </span>
     <span class='ocr_line' id='line_1_21' title="bbox 119 2458 1162 2547; baseline 0.003 -17"><span class='ocrx_word' id='word_1_157' title='bbox 119 2487 187 2529; x_wconf 92' lang='lat' dir='ltr'><strong>cum</strong></span> <span class='ocrx_word' id='word_1_158' title='bbox 208 2465 357 2547; x_wconf 84' lang='lat' dir='ltr'><strong>Hesychii</strong></span> <span class='ocrx_word' id='word_1_159' title='bbox 373 2464 472 2525; x_wconf 85' lang='lat' dir='ltr'><strong>lexico</strong></span> <span class='ocrx_word' id='word_1_160' title='bbox 494 2471 683 2546; x_wconf 87' lang='lat' dir='ltr'><strong>comparata,</strong></span> <span class='ocrx_word' id='word_1_161' title='bbox 715 2458 799 2544; x_wconf 91' lang='lat' dir='ltr'><strong>quod</strong></span> <span class='ocrx_word' id='word_1_162' title='bbox 825 2481 934 2524; x_wconf 86' lang='lat' dir='ltr'><strong>verum</strong></span> <span class='ocrx_word' id='word_1_163' title='bbox 955 2463 1008 2542; x_wconf 90' lang='lat' dir='ltr'><strong>sit,</strong></span> <span class='ocrx_word' id='word_1_164' title='bbox 1041 2463 1162 2533; x_wconf 78' lang='lat' dir='ltr'><strong>docent.</strong></span> 
     </span>
     <span class='ocr_line' id='line_1_22' title="bbox 119 2561 1164 2656; baseline -0.003 -23"><span class='ocrx_word' id='word_1_165' title='bbox 119 2569 182 2633; x_wconf 88' lang='lat' dir='ltr'><strong>Sed</strong></span> <span class='ocrx_word' id='word_1_166' title='bbox 193 2568 277 2656; x_wconf 92' lang='lat' dir='ltr'><strong>quod</strong></span> <span class='ocrx_word' id='word_1_167' title='bbox 289 2564 387 2630; x_wconf 88' lang='lat' dir='ltr'><strong>maius</strong></span> <span class='ocrx_word' id='word_1_168' title='bbox 400 2575 461 2643; x_wconf 88' lang='lat' dir='ltr'><strong>est,</strong></span> <span class='ocrx_word' id='word_1_169' title='bbox 485 2561 519 2624; x_wconf 92' lang='lat' dir='ltr'><strong>id</strong></span> <span class='ocrx_word' id='word_1_170' title='bbox 532 2574 566 2623; x_wconf 88' lang='lat' dir='ltr'><strong>ut</strong></span> <span class='ocrx_word' id='word_1_171' title='bbox 580 2581 815 2641; x_wconf 80' lang='lat' dir='ltr'><strong>cognoscamus,</strong></span> <span class='ocrx_word' id='word_1_172' title='bbox 839 2561 949 2626; x_wconf 89' lang='lat' dir='ltr'><strong>eadem</strong></span> <span class='ocrx_word' id='word_1_173' title='bbox 968 2566 1019 2629; x_wconf 84' lang='lat' dir='ltr'><strong>&#39;via</strong></span> <span class='ocrx_word' id='word_1_174' title='bbox 1037 2589 1164 2652; x_wconf 85' lang='lat' dir='ltr'><strong>progre-</strong></span> 
     </span>
     <span class='ocr_line' id='line_1_23' title="bbox 119 2663 1164 2756; baseline -0.002 -22"><span class='ocrx_word' id='word_1_175' title='bbox 119 2671 233 2751; x_wconf 87' lang='lat' dir='ltr'><strong>dimur,</strong></span> <span class='ocrx_word' id='word_1_176' title='bbox 255 2667 347 2756; x_wconf 87' lang='lat' dir='ltr'><strong>quam</strong></span> <span class='ocrx_word' id='word_1_177' title='bbox 366 2665 568 2732; x_wconf 88' lang='lat' dir='ltr'><strong>Ruhnkenius</strong></span> <span class='ocrx_word' id='word_1_178' title='bbox 581 2663 648 2725; x_wconf 90' lang='lat' dir='ltr'><strong>iniit</strong></span> <span class='ocrx_word' id='word_1_179' title='bbox 665 2663 734 2748; x_wconf 84' lang='lat' dir='ltr'><strong>ipse</strong></span> <span class='ocrx_word' id='word_1_180' title='bbox 747 2665 778 2725; x_wconf 84' lang='lat' dir='ltr'><strong>et</strong></span> <span class='ocrx_word' id='word_1_181' title='bbox 795 2664 886 2727; x_wconf 89' lang='lat' dir='ltr'><strong>nobis</strong></span> <span class='ocrx_word' id='word_1_182' title='bbox 902 2665 1081 2748; x_wconf 78' lang='lat' dir='ltr'><strong>indigitavit.</strong></span> <span class='ocrx_word' id='word_1_183' title='bbox 1124 2673 1164 2737; x_wconf 86' lang='lat' dir='ltr'><strong>Ut</strong></span> 
     </span>
     <span class='ocr_line' id='line_1_24' title="bbox 119 2761 1165 2863; baseline -0.011 -22"><span class='ocrx_word' id='word_1_184' title='bbox 119 2778 203 2841; x_wconf 89' lang='lat' dir='ltr'><strong>enim</strong></span> <span class='ocrx_word' id='word_1_185' title='bbox 217 2789 319 2838; x_wconf 79' lang='lat' dir='ltr'><strong>contra</strong></span> <span class='ocrx_word' id='word_1_186' title='bbox 332 2768 568 2836; x_wconf 85' lang='lat' dir='ltr'><strong>Valckenarium</strong></span> <span class='ocrx_word' id='word_1_187' title='bbox 580 2766 772 2849; x_wconf 84' lang='lat' dir='ltr'><strong>Hesychium</strong></span> <span class='ocrx_word' id='word_1_188' title='bbox 783 2761 874 2829; x_wconf 85' lang='lat' dir='ltr'><strong>suum</strong></span> <span class='ocrx_word' id='word_1_189' title='bbox 890 2767 1075 2853; x_wconf 84' lang='lat' dir='ltr'><strong>defenderet,</strong></span> <span class='ocrx_word' id='word_1_190' title='bbox 1097 2778 1165 2863; x_wconf 76' lang='lat' dir='ltr'><strong>epi.</strong></span> 
     </span>
     <span class='ocr_line' id='line_1_25' title="bbox 117 2870 1165 2962; baseline -0.01 -19"><span class='ocrx_word' id='word_1_191' title='bbox 117 2882 290 2962; x_wconf 83' lang='lat' dir='ltr'><strong>stolamque</strong></span> <span class='ocrx_word' id='word_1_192' title='bbox 313 2874 353 2937; x_wconf 87' lang='lat' dir='ltr'><strong>ad</strong></span> <span class='ocrx_word' id='word_1_193' title='bbox 373 2873 540 2952; x_wconf 84' lang='lat' dir='ltr'><strong>Eulogium</strong></span> <span class='ocrx_word' id='word_1_194' title='bbox 558 2871 701 2956; x_wconf 84' lang='lat' dir='ltr'><strong>scriptam</strong></span> <span class='ocrx_word' id='word_1_195' title='bbox 718 2891 792 2933; x_wconf 82' lang='lat' dir='ltr'><strong>vera</strong></span> <span class='ocrx_word' id='word_1_196' title='bbox 806 2870 959 2934; x_wconf 87' lang='lat' dir='ltr'><strong>continere</strong></span> <span class='ocrx_word' id='word_1_197' title='bbox 974 2872 1165 2940; x_wconf 82' lang='lat' dir='ltr'><strong>demonstra.</strong></span> 
     </span>
     <span class='ocr_line' id='line_1_26' title="bbox 117 2972 1165 3062; baseline -0.007 -19"><span class='ocrx_word' id='word_1_198' title='bbox 117 2991 180 3043; x_wconf 86' lang='lat' dir='ltr'><strong>ret:</strong></span> <span class='ocrx_word' id='word_1_199' title='bbox 202 2980 292 3062; x_wconf 89' lang='lat' dir='ltr'><strong>quale</strong></span> <span class='ocrx_word' id='word_1_200' title='bbox 307 2974 403 3036; x_wconf 87' lang='lat' dir='ltr'><strong>attulit</strong></span> <span class='ocrx_word' id='word_1_201' title='bbox 417 2975 650 3052; x_wconf 82' lang='lat' dir='ltr'><strong>argumentum?</strong></span> <span class='ocrx_word' id='word_1_202' title='bbox 694 2972 851 3053; x_wconf 88' lang='lat' dir='ltr'><strong>Ostendit,</strong></span> <span class='ocrx_word' id='word_1_203' title='bbox 874 2974 1021 3062; x_wconf 90' lang='lat' dir='ltr'><strong>quidquid</strong></span> <span class='ocrx_word' id='word_1_204' title='bbox 1033 2981 1072 3041; x_wconf 92' lang='lat' dir='ltr'><strong>ab</strong></span> <span class='ocrx_word' id='word_1_205' title='bbox 1087 2983 1165 3042; x_wconf 65' lang='lat' dir='ltr'><strong>antis</strong></span> 
     </span>
     <span class='ocr_line' id='line_1_27' title="bbox 117 3073 1165 3168; baseline 0.012 -33"><span class='ocrx_word' id='word_1_206' title='bbox 117 3080 188 3168; x_wconf 82' lang='lat' dir='ltr'><strong>quis</strong></span> <span class='ocrx_word' id='word_1_207' title='bbox 209 3077 409 3158; x_wconf 86' lang='lat' dir='ltr'><strong>grammaticis</strong></span> <span class='ocrx_word' id='word_1_208' title='bbox 428 3097 467 3138; x_wconf 85' lang='lat' dir='ltr'><strong>ex</strong></span> <span class='ocrx_word' id='word_1_209' title='bbox 486 3074 668 3155; x_wconf 82' lang='lat' dir='ltr'><strong>Diogeniuni</strong></span> <span class='ocrx_word' id='word_1_210' title='bbox 688 3079 787 3140; x_wconf 85' lang='lat' dir='ltr'><strong>lexico</strong></span> <span class='ocrx_word' id='word_1_211' title='bbox 802 3079 957 3159; x_wconf 83' lang='lat' dir='ltr'><strong>afferatur,</strong></span> <span class='ocrx_word' id='word_1_212' title='bbox 980 3079 1019 3143; x_wconf 86' lang='lat' dir='ltr'><strong>ad</strong></span> <span class='ocrx_word' id='word_1_213' title='bbox 1034 3073 1165 3149; x_wconf 70' lang='lat' dir='ltr'><strong>uerbum</strong></span> 
     </span>
     <span class='ocr_line' id='line_1_28' title="bbox 118 3177 1179 3271; baseline 0.009 -30"><span class='ocrx_word' id='word_1_214' title='bbox 118 3181 245 3271; x_wconf 74' lang='lat' dir='ltr'><strong>reperiri</strong></span> <span class='ocrx_word' id='word_1_215' title='bbox 263 3181 296 3241; x_wconf 92' lang='lat' dir='ltr'><strong>in</strong></span> <span class='ocrx_word' id='word_1_216' title='bbox 310 3178 407 3242; x_wconf 84' lang='lat' dir='ltr'><strong>lexico</strong></span> <span class='ocrx_word' id='word_1_217' title='bbox 426 3177 638 3260; x_wconf 80' lang='lat' dir='ltr'><strong>Hesychian03</strong></span> <span class='ocrx_word' id='word_1_218' title='bbox 670 3179 761 3266; x_wconf 85' lang='lat' dir='ltr'><strong>idque</strong></span> <span class='ocrx_word' id='word_1_219' title='bbox 782 3194 993 3260; x_wconf 86' lang='lat' dir='ltr'><strong>argumentum</strong></span> <span class='ocrx_word' id='word_1_220' title='bbox 1011 3201 1102 3250; x_wconf 83' lang='lat' dir='ltr'><strong>vocat</strong></span> <span class='ocrx_word' id='word_1_221' title='bbox 1112 3190 1179 3269; x_wconf 48' lang='lat' dir='ltr'><strong>lir-x</strong></span> 
     </span>
     <span class='ocr_line' id='line_1_29' title="bbox 119 3281 1242 3368; baseline 0 -18"><span class='ocrx_word' id='word_1_222' title='bbox 119 3285 294 3351; x_wconf 82' lang='lat' dir='ltr'><strong>missitnum</strong></span> <span class='ocrx_word' id='word_1_223' title='bbox 320 3281 605 3366; x_wconf 68' lang='lat' dir='ltr'><strong>gramssimumque,</strong></span> <span class='ocrx_word' id='word_1_224' title='bbox 638 3303 700 3367; x_wconf 93' lang='lat' dir='ltr'><strong>quo</strong></span> <span class='ocrx_word' id='word_1_225' title='bbox 728 3305 807 3361; x_wconf 75' lang='lat' dir='ltr'><strong>cmo,</strong></span> <span class='ocrx_word' id='word_1_226' title='bbox 840 3283 866 3346; x_wconf 90' lang='lat' dir='ltr'><strong>si</strong></span> <span class='ocrx_word' id='word_1_227' title='bbox 891 3285 1006 3368; x_wconf 85' lang='lat' dir='ltr'><strong>reliqua</strong></span> <span class='ocrx_word' id='word_1_228' title='bbox 1023 3289 1186 3350; x_wconf 82' lang='lat' dir='ltr'><strong>abessent&#39;</strong></span> <span class='ocrx_word' id='word_1_229' title='bbox 1237 3285 1242 3296; x_wconf 82' lang='grc'><strong>’</strong></span> 
     </span>
     <span class='ocr_line' id='line_1_30' title="bbox 121 3382 1165 3468; baseline -0.003 -15"><span class='ocrx_word' id='word_1_230' title='bbox 121 3388 241 3466; x_wconf 90' lang='lat' dir='ltr'><strong>omnia,</strong></span> <span class='ocrx_word' id='word_1_231' title='bbox 274 3385 422 3468; x_wconf 80' lang='lat' dir='ltr'><strong>Hesychii</strong></span> <span class='ocrx_word' id='word_1_232' title='bbox 442 3383 481 3446; x_wconf 88' lang='lat' dir='ltr'><strong>de</strong></span> <span class='ocrx_word' id='word_1_233' title='bbox 504 3382 851 3463; x_wconf 80' lang='lat' dir='ltr'><strong>Diogeniahonarratio</strong></span> <span class='ocrx_word' id='word_1_234' title='bbox 870 3385 958 3447; x_wconf 89' lang='lat' dir='ltr'><strong>facile</strong></span> <span class='ocrx_word' id='word_1_235' title='bbox 978 3383 1165 3450; x_wconf 82' lang='lat' dir='ltr'><strong>dubitatione</strong></span> 
     </span>
     <span class='ocr_line' id='line_1_31' title="bbox 121 3485 1166 3576; baseline -0.004 -20"><span class='ocrx_word' id='word_1_236' title='bbox 121 3491 210 3556; x_wconf 90' lang='lat' dir='ltr'><strong>omni</strong></span> <span class='ocrx_word' id='word_1_237' title='bbox 221 3489 404 3552; x_wconf 84' lang='lat' dir='ltr'><strong>liberaretur.</strong></span> <span class='ocrx_word' id='word_1_238' title='bbox 448 3485 511 3576; x_wconf 66' lang='lat' dir='ltr'><strong>Gur</strong></span> <span class='ocrx_word' id='word_1_239' title='bbox 524 3486 615 3566; x_wconf 88' lang='lat' dir='ltr'><strong>igitur</strong></span> <span class='ocrx_word' id='word_1_240' title='bbox 624 3498 749 3573; x_wconf 87' lang='lat' dir='ltr'><strong>propter</strong></span> <span class='ocrx_word' id='word_1_241' title='bbox 759 3487 955 3571; x_wconf 88' lang='lat' dir='ltr'><strong>Pamphilum</strong></span> <span class='ocrx_word' id='word_1_242' title='bbox 969 3505 1034 3547; x_wconf 90' lang='lat' dir='ltr'><strong>non</strong></span> <span class='ocrx_word' id='word_1_243' title='bbox 1056 3485 1166 3552; x_wconf 84' lang='lat' dir='ltr'><strong>eadem</strong></span> 
     </span>
     <span class='ocr_line' id='line_1_32' title="bbox 120 3575 884 3676; baseline -0.01 -20"><span class='ocrx_word' id='word_1_244' title='bbox 120 3589 274 3676; x_wconf 77' lang='lat' dir='ltr'><strong>ingressus</strong></span> <span class='ocrx_word' id='word_1_245' title='bbox 286 3589 326 3654; x_wconf 85' lang='lat' dir='ltr'><strong>sit</strong></span> <span class='ocrx_word' id='word_1_246' title='bbox 339 3589 405 3668; x_wconf 81' lang='lat' dir='ltr'><strong>via,</strong></span> <span class='ocrx_word' id='word_1_247' title='bbox 426 3587 481 3652; x_wconf 84' lang='lat' dir='ltr'><strong>vix</strong></span> <span class='ocrx_word' id='word_1_248' title='bbox 494 3575 522 3648; x_wconf 66' lang='lat' dir='ltr'><strong>a*¹</strong></span> <span class='ocrx_word' id='word_1_249' title='bbox 527 3589 683 3672; x_wconf 82' lang='lat' dir='ltr'><strong>quoquam</strong></span> <span class='ocrx_word' id='word_1_250' title='bbox 694 3588 884 3668; x_wconf 89' lang='lat' dir='ltr'><strong>intelligetur.</strong></span> 
     </span>
    </p>

    <p class='ocr_par' dir='ltr' id='par_1_3' title="bbox 122 3687 1237 4189">
     <span class='ocr_line' id='line_1_33' title="bbox 207 3687 1167 3779; baseline 0.003 -22"><span class='ocrx_word' id='word_1_251' title='bbox 207 3693 272 3758; x_wconf 85' lang='lat' dir='ltr'><strong>Nos</strong></span> <span class='ocrx_word' id='word_1_252' title='bbox 288 3693 394 3774; x_wconf 83' lang='lat' dir='ltr'><strong>igitur,</strong></span> <span class='ocrx_word' id='word_1_253' title='bbox 427 3711 469 3753; x_wconf 88' lang='lat' dir='ltr'><strong>ne</strong></span> <span class='ocrx_word' id='word_1_254' title='bbox 488 3690 521 3751; x_wconf 93' lang='lat' dir='ltr'><strong>in</strong></span> <span class='ocrx_word' id='word_1_255' title='bbox 541 3687 627 3750; x_wconf 86' lang='lat' dir='ltr'><strong>idem</strong></span> <span class='ocrx_word' id='word_1_256' title='bbox 646 3689 816 3751; x_wconf 85' lang='lat' dir='ltr'><strong>incidamus</strong></span> <span class='ocrx_word' id='word_1_257' title='bbox 839 3687 962 3768; x_wconf 82' lang='lat' dir='ltr'><strong>vitium,</strong></span> <span class='ocrx_word' id='word_1_258' title='bbox 995 3711 1032 3753; x_wconf 82' lang='lat' dir='ltr'><strong>ea</strong></span> <span class='ocrx_word' id='word_1_259' title='bbox 1050 3715 1167 3779; x_wconf 87' lang='lat' dir='ltr'><strong>quaee</strong></span> 
     </span>
     <span class='ocr_line' id='line_1_34' title="bbox 122 3789 1166 3883; baseline -0.002 -25"><span class='ocrx_word' id='word_1_260' title='bbox 122 3793 285 3883; x_wconf 81' lang='lat' dir='ltr'><strong>Pmnphilo</strong></span> <span class='ocrx_word' id='word_1_261' title='bbox 305 3789 464 3858; x_wconf 82' lang='lat' dir='ltr'><strong>tradunttu</strong></span> <span class='ocrx_word' id='word_1_262' title='bbox 482 3813 553 3854; x_wconf 89' lang='lat' dir='ltr'><strong>cum</strong></span> <span class='ocrx_word' id='word_1_263' title='bbox 574 3791 626 3870; x_wconf 87' lang='lat' dir='ltr'><strong>iis,</strong></span> <span class='ocrx_word' id='word_1_264' title='bbox 648 3791 727 3876; x_wconf 87' lang='lat' dir='ltr'><strong>quae</strong></span> <span class='ocrx_word' id='word_1_265' title='bbox 743 3791 915 3874; x_wconf 75' lang='lat' dir='ltr'><strong>Hesychius</strong></span> <span class='ocrx_word' id='word_1_266' title='bbox 935 3813 953 3854; x_wconf 90' lang='lat' dir='ltr'><strong>e</strong></span> <span class='ocrx_word' id='word_1_267' title='bbox 972 3790 1166 3878; x_wconf 78' lang='lat' dir='ltr'><strong>Diogeniano</strong></span> 
     </span>
     <span class='ocr_line' id='line_1_35' title="bbox 123 3893 1168 3986; baseline 0.001 -23"><span class='ocrx_word' id='word_1_268' title='bbox 123 3899 268 3986; x_wconf 83' lang='lat' dir='ltr'><strong>stunpsit,</strong></span> <span class='ocrx_word' id='word_1_269' title='bbox 300 3900 508 3975; x_wconf 81' lang='lat' dir='ltr'><strong>conferamus,</strong></span> <span class='ocrx_word' id='word_1_270' title='bbox 541 3906 572 3958; x_wconf 84' lang='lat' dir='ltr'><strong>et</strong></span> <span class='ocrx_word' id='word_1_271' title='bbox 591 3917 667 3958; x_wconf 90' lang='lat' dir='ltr'><strong>num</strong></span> <span class='ocrx_word' id='word_1_272' title='bbox 685 3893 758 3958; x_wconf 89' lang='lat' dir='ltr'><strong>inde</strong></span> <span class='ocrx_word' id='word_1_273' title='bbox 778 3893 920 3958; x_wconf 89' lang='lat' dir='ltr'><strong>nonnihil</strong></span> <span class='ocrx_word' id='word_1_274' title='bbox 935 3897 1010 3962; x_wconf 88' lang='lat' dir='ltr'><strong>lucis</strong></span> <span class='ocrx_word' id='word_1_275' title='bbox 1025 3897 1070 3962; x_wconf 83' lang='lat' dir='ltr'><strong>ad</strong></span> <span class='ocrx_word' id='word_1_276' title='bbox 1087 3903 1168 3966; x_wconf 85' lang='lat' dir='ltr'><strong>hanc</strong></span> 
     </span>
     <span class='ocr_line' id='line_1_36' title="bbox 124 3996 1237 4087; baseline 0.004 -23"><span class='ocrx_word' id='word_1_277' title='bbox 124 4001 337 4087; x_wconf 80' lang='lat' dir='ltr'><strong>quaestionem</strong></span> <span class='ocrx_word' id='word_1_278' title='bbox 349 3999 501 4064; x_wconf 85' lang='lat' dir='ltr'><strong>transleni</strong></span> <span class='ocrx_word' id='word_1_279' title='bbox 510 3999 608 4085; x_wconf 86' lang='lat' dir='ltr'><strong>possit</strong></span> <span class='ocrx_word' id='word_1_280' title='bbox 620 3997 791 4063; x_wconf 81' lang='lat' dir='ltr'><strong>rideamus.</strong></span> <span class='ocrx_word' id='word_1_281' title='bbox 817 3996 854 4062; x_wconf 91' lang='lat' dir='ltr'><strong>ln</strong></span> <span class='ocrx_word' id='word_1_282' title='bbox 868 4019 904 4063; x_wconf 84' lang='lat' dir='ltr'><strong>ee</strong></span> <span class='ocrx_word' id='word_1_283' title='bbox 916 4021 949 4064; x_wconf 86' lang='lat' dir='ltr'><strong>re</strong></span> <span class='ocrx_word' id='word_1_284' title='bbox 961 4023 1019 4066; x_wconf 87' lang='lat' dir='ltr'><strong>nos</strong></span> <span class='ocrx_word' id='word_1_285' title='bbox 1031 4005 1168 4068; x_wconf 84' lang='lat' dir='ltr'><strong>maxime</strong></span> <span class='ocrx_word' id='word_1_286' title='bbox 1232 4033 1237 4042; x_wconf 88' lang='lat'>·</span> 
     </span>
     <span class='ocr_line' id='line_1_37' title="bbox 126 4099 1167 4189; baseline 0.003 -20"><span class='ocrx_word' id='word_1_287' title='bbox 126 4102 280 4169; x_wconf 57' lang='lat' dir='ltr'><strong>educabit</strong></span> <span class='ocrx_word' id='word_1_288' title='bbox 300 4101 498 4181; x_wconf 81' lang='lat' dir='ltr'><strong>Athenaeus,</strong></span> <span class='ocrx_word' id='word_1_289' title='bbox 523 4101 575 4187; x_wconf 84' lang='lat' dir='ltr'><strong>qui</strong></span> <span class='ocrx_word' id='word_1_290' title='bbox 588 4099 741 4189; x_wconf 88' lang='lat' dir='ltr'><strong>Pamphili</strong></span> <span class='ocrx_word' id='word_1_291' title='bbox 754 4123 816 4166; x_wconf 88' lang='lat' dir='ltr'><strong>non</strong></span> <span class='ocrx_word' id='word_1_292' title='bbox 829 4124 897 4167; x_wconf 86' lang='lat' dir='ltr'><strong>raro</strong></span> <span class='ocrx_word' id='word_1_293' title='bbox 915 4105 1104 4170; x_wconf 86' lang='lat' dir='ltr'><strong>mentionem</strong></span> <span class='ocrx_word' id='word_1_294' title='bbox 1118 4106 1167 4172; x_wconf 80' lang='lat' dir='ltr'><strong>in·-</strong></span> 
     </span>
    </p>
   </div>
   <div class='ocr_carea' id='block_1_3' title="bbox 0 0 1473 4806">
    <p class='ocr_par' dir='ltr' id='par_1_4' title="bbox 0 0 1473 4806">
     <span class='ocr_line' id='line_1_38' title="bbox 0 0 1473 4806; baseline 0 0"><span class='ocrx_word' id='word_1_295' title='bbox 0 0 1473 4806; x_wconf 95' lang='lat' dir='ltr'><strong> </strong></span> 
     </span>
    </p>
   </div>
  </div>
 </body>
</html>
