2918 4806
289 333 352 395 108

289 501 383 576 cicun,
404 493 460 559 sed
473 505 541 574 est,⁴
557 494 610 558 ubi
632 491 763 572 dubitet,
785 493 875 556 ausit
896 494 997 579 potius
1009 468 1086 556 liber
1103 491 1177 572 περί
1198 491 1329 578 ἰχθύων

286 597 512 679 intelligendus,
541 601 592 658 cfr.
607 595 673 660 lud.
691 595 782 658 Auct.
795 597 1004 675 utilissimum,
1027 596 1100 659 sine·
1112 619 1172 682 quo
1187 599 1268 660 hunc
1289 601 1329 661 li-

285 705 402 764 bellum
421 702 550 764 scribere
565 721 628 762 uon
642 701 707 763 sine
724 701 840 762 maiore
854 681 1188 783 molestiapotuissem,
1210 723 1239 786 p.
1255 707 1326 764 101.

290 841 331 852 -
346 802 462 864 Athen.
479 801 545 879 IX,
572 823 602 887 p.
631 808 703 867 371.
725 824 749 864 s.
764 824 794 866 v.
817 796 1056 884 „Kepdlurov‘
1083 795 1271 876 Ἐπαίνετος
1293 795 1327 866 δ’

288 903 325 994 ἐν
349 899 574 986 Ὀψαρτυτικῷ
598 898 840 987 streperent
868 907 1042 969 καλεῖσθαι
1073 899 1175 986 φησίν
1204 905 1326 986 padul.-
1352 964 1357 972 ,

288 1008 413 1084 λίδας.“
455 1006 555 1068 Abest
573 1009 610 1068 ab
630 1007 802 1088 Hesychio‚
824 1007 896 1070 vide
918 1019 1019 1068 tamen
1038 1005 1250 1088 γηθοίίίδαε,
1276 1007 1326 1066 ubi

288 1103 327 1173 ex
340 1109 477 1190 Didymo
498 1109 599 1170 omnia
620 1111 726 1172 hausta
745 1129 812 1172 esse
829 1109 920 1194 docet
938 1109 1126 1173 Athenaeus.
1150 1147 1188 1156 —-
1209 1107 1325 1169 Athen.

287 1209 352 1288 lx,
375 1209 452 1287 595,
474 1213 496 1270 i.
526 1212 709 1292 ,,Παρῆοαν
737 1207 772 1274 δὲ
786 1205 950 1288 ‘deliciare
978 1206 1058 1294 ἡμῖν
1076 1206 1132 1275 καὶ
1155 1209 1188 1274 ol
1208 1205 1327 1274 καλού-

288 1333 381 1396 μενοι
402 1305 624 1391 παραστάται·
656 1301 704 1376 οἷν
728 1309 928 1395 μνημονεύει
952 1306 1139 1388 Ἐπαίνετος
1168 1309 1203 1376 ἐν
1225 1306 1326 1396 ὀψαρ-

287 1416 409 1501 εντινῷ
431 1445 471 1458 ·—
494 1410 556 1477 είοί
578 1410 611 1478 d’
637 1414 672 1478 oi
692 1409 797 1497 ὄρχεις
821 1411 907 1482 οὕτω
929 1409 1160 1500 καλούμενοι.“
1191 1417 1324 1497 Hesych.

288 1511 502 1598 Παραστάται
523 1510 563 1576 τὰ
586 1508 653 1580 aiud
681 1518 749 1578 reio
769 1521 905 1601 νεφρῶν
927 1511 1040 1600 ἀγγεῖα
1052 1515 1107 1581 καί
1124 1516 1157 1581 oi
1171 1513 1255 1598 πρὸς
1268 1514 1325 1593 τὰς

285 1616 354 1697 ,ὤας
377 1615 549 1702 στήμονος·
572 1620 624 1680 cfr.
639 1616 767 1682 Casaub.
787 1644 818 1706 p.
840 1625 910 1686 678.
933 1619 1127 1701 (Schweigh.
1147 1621 1219 1684 Vol.
1232 1621 1272 1700 V,
1294 1645 1324 1707 p.

290 1729 359 1788 182.
379 1721 538 1801 Animm.)
563 1759 601 1767 -
626 1719 672 1786 lb.
692 1723 772 1804 XII,
796 1725 867 1790 515.
891 1724 930 1786 de
949 1745 1027 1814 voce
1049 1717 1178 1806 κορύνη
1201 1725 1325 1809 eiusque

287 1823 444 1909 σκευασίᾳ
464 1825 618 1908 scripsisse
638 1823 829 1909 Epaenetum
847 1827 995 1910 perhibet.
1018 1829 1069 1886 cfr.
1091 1827 1225 1907 Hesych.
1247 1849 1271 1888 s.
1294 1849 1323 1890 v.

286 1922 425 2008 nopsiaco.
468 1925 627 2002 Postremo
648 1926 687 1987 ad
701 1947 812 1988 vocem
833 1928 926 2008 μῦμα
946 1925 1076 2005 accedo,
1099 1927 1138 1990 de
1155 1950 1213 2012 qua
1231 1932 1323 1990 multa

286 2030 466 2093 Athenaeus
480 2049 519 2088 ex
530 2026 687 2112 Epaenelo
699 2029 823 2110 protulit
835 2050 867 2112 p.
882 2031 953 2092 663.
969 2028 1000 2090 d.
1022 2031 1155 2111 Hesych.
1178 2033 1322 2111 „Maipu’

285 2125 457 2213 lietduinum
482 2127 604 2209 τρίμμα
625 2125 681 2191 καί
702 2122 858 2210 ὑπόχυμοί
879 2130 930 2191 τι“
953 2133 1004 2192 cir.
1024 2152 1133 2195 vocem
1150 2131 1322 2214 μίμαρκυς.

286 2233 366 2296 Tam
387 2250 483 2315 pauca
505 2231 599 2292 habet
618 2230 812 2315 epitomat0r‚
839 2241 873 2291 ut
898 2231 974 2300 nihil
998 2234 1068 2296 certi
1090 2233 1163 2298 inde
1184 2238 1324 2318 colligere

284 2338 381 2398 liceat.
850 2357 854 2362 ·

295 2497 298 2507 ,
351 2435 649 2526 ,contemplantibus
674 2437 763 2498 nobis
789 2438 865 2499 haec
889 2459 928 2500 ex
949 2438 1105 2524 Epaeneto
1126 2441 1208 2526 apud
1223 2441 1325 2505 Athe-

213 2609 220 2615 ,
284 2561 398 2605 naeum
412 2549 442 2599 et
453 2535 643 2616 Hesychium
656 2531 762 2617 obvia,
782 2561 846 2602 non
863 2544 1025 2604 obscurum
1041 2555 1102 2621 est,
1123 2543 1156 2604 in
1169 2565 1202 2605 re
1220 2548 1325 2630 coqui-

284 2645 367 2706 naria
387 2638 583 2723 Pamphilum
602 2639 732 2722 phnima
749 2638 905 2726 Epaeneto
928 2643 1081 2708 debuisse:
1109 2646 1151 2706 ita
1171 2659 1206 2708 ut
1223 2646 1325 2710 Athe-

283 2767 393 2821 naeus,
418 2742 486 2826 ipso
508 2740 573 2801 eius
593 2740 670 2802 libro
690 2764 754 2804 non
772 2745 928 2828 inspecto,
956 2747 1020 2808 cius
1040 2745 1118 2808 dicta
1139 2769 1324 2829 cognoscere

251 2893 255 2900 ,
283 2850 349 2912 sine
362 2841 448 2906 omni
457 2841 588 2920 negotio
606 2846 746 2926 potierit.
790 2845 971 2910 Deterdmus
990 2848 1079 2927 igitur
1096 2853 1215 2912 fontem
1233 2852 1326 2914 Pam-

283 2950 360 3036 phili
377 2946 582 3030 Epac'netum‚
598 2946 723 3016 ,fontem
740 2946 896 3011 Athenaei
913 2949 1123 3035 Pamphilum3
1145 2976 1247 3040 neque
1267 2956 1325 3017 du-
1445 2979 1446 2982 ¹

282 3048 418 3117 bitamus
432 3044 576 3126 murdim,
605 3047 676 3127 quin
697 3049 870 3128 Hesychius
891 3051 994 3116 noster
1021 3056 1085 3129 fere
1106 3055 1182 3116 nihil
1207 3058 1325 3120 sitnisi
1445 3057 1446 3060 ’

282 3148 458 3234 Pamphilus
473 3146 603 3208 brevior.

366 3247 517 3342 Redimus
535 3245 575 3308 ad
595 3267 631 3308 ea
652 3245 841 3314 Artemidori
858 3254 982 3340 scripta,
1009 3258 1042 3318 in
1062 3259 1172 3342 quibus
1189 3258 1326 3325 Graecae
1445 3215 1446 3286 ί

240 3385 249 3398 ·
280 3360 401 3438 linguae
411 3351 531 3414 dialecti
543 3350 775 3436 explicabantur.
818 3352 961 3419 Vidimus
974 3359 1071 3438 enim,
1091 3359 1325 3426 Artemidorum

281 3455 376 3541 „napi
397 3451 570 3536 Δωρίδοςιι
593 3453 801 3540 composuisse
819 3453 947 3539 librum3
970 3481 1030 3543 quo
1055 3462 1082 3524 si
1099 3461 1235 3530 diversas
1251 3467 1325 3529 Do·
1445 3477 1446 3502 ¹

280 3583 348 3624 rum
361 3558 500 3620 omnium
520 3554 664 3618 dialectos
686 3559 943 3642 comprehendere
964 3564 1076 3642 voluit,
1095 3563 1229 3630 'aliormn
1249 3591 1325 3655 ope-
1445 3561 1446 3564 ¹

280 3683 313 3725 ra
335 3659 374 3722 de
398 3659 522 3740 singulis
540 3652 648 3743 scripta
669 3657 817 3743 inspicere
836 3659 949 3725 debuit.
993 3665 1038 3728 Ita
1063 3666 1193 3731 dubitari
1209 3674 1326 3758 nequit,

281 3765 353 3849 quin
372 3760 586 3846 Aristophanis
611 3749 722 3822 librum
747 3759 786 3822 de
803 3761 953 3826 Laconica
974 3764 1102 3830 dialecto
1123 3776 1324 3858 ustupaverit.

279 3862 376 3945 Quod
400 3864 427 3925 si
451 3883 558 3924 verum
587 3873 645 3940 est,
683 3864 827 3948 quoniam
851 3862 1027 3950 Pamphilus
1048 3869 1266 3958 Aristophanis
1293 3888 1325 3939 et

279 3961 467 4030 Artemidori
484 3963 567 4026 libris
585 3985 657 4028 usus
677 3976 737 4042 est,
759 3967 886 4028 fortasse
907 3968 974 4053 ipse
996 3991 1116 4057 quoque
1134 3996 1199 4036 non
1220 3977 1323 4063 ipsum

279 4065 492 4153 Aristophanis
510 4085 588 4151 opus
606 4067 750 4152 inspexit,
784 4066 840 4132 sed
864 4091 902 4132 ex
922 4072 1108 4155 plenioribus
1131 4075 1321 4143 Artemidori
