2894 4816
292 347 334 412 4²

205 547 210 556 ·
292 533 369 592 τιον,
393 508 697 600 otiosiloquium,
728 513 767 580 oi
782 511 817 580 u
835 510 963 598 ἡλικίας
982 509 1104 594 sativa
1148 513 1227 594 Quis
1246 521 1334 583 enim

290 641 354 680 non
367 619 534 704 suspicatur
546 639 676 696 toccum,
698 619 774 680 haec
787 639 826 680 ex
838 617 1032 700 Diogeniano
1045 621 1182 682 hausisse
1198 620 1333 703 Etyluo-

288 723 402 800 logum
425 720 488 784 sed
499 734 532 784 ut
542 723 603 784 hoc
614 723 789 806 exemplum
799 742 861 782 non
869 722 1031 786 satislbciat
1042 721 1261 800 omnibue,non
1271 723 1332 786 du-

287 824 417 889 bibamus
428 826 568 888 tamenin
575 827 633 888 hac
643 824 791 888 sententia
797 843 984 908 permanere,
993 825 1149 909 quoniam,
1164 825 1246 910 quod
1258 848 1330 888 ina-

285 926 413 990 ximiest
424 930 581 1007 momenti,
594 929 627 990 in
644 934 905 1012 quattuortantum
912 927 1018 1010 primis
1026 927 1138 1004 liberis,
1151 929 1255 1012 paucio
1270 950 1328 991 cx-

244 1019 246 1024 ’
286 1031 394 1114 ceptis,
415 1028 600 1111 Diogeniani
617 1053 733 1092 nomen
743 1029 904 1115 reperitur;
928 1029 961 1090 in
973 1030 1094 1114 reliquis
1107 1029 1255 1092 omissum
1269 1042 1326 1094 est.

284 1128 395 1209 Addo,
416 1133 449 1194 in
471 1133 569 1195 lexico
584 1130 726 1197 Gudiano
745 1130 931 1211 Diogeniani
949 1152 1064 1194 nomen
1076 1132 1182 1193 nullibi
1195 1153 1326 1217 appare-

283 1253 332 1311 ιι,
354 1243 387 1296 ut
400 1255 436 1296 ea
453 1237 557 1296 omnia
578 1257 596 1297 a
611 1236 723 1298 seriore
741 1255 835 1296 manu
845 1234 1023 1320 intexpolata
1047 1254 1115 1296 esse
1126 1236 1325 1321 perspicuum

281 1336 329 1398 sit.
975 1407 976 1414 ἵ

366 1439 424 1502 His
438 1438 598 1525 expositis,
620 1441 671 1526 qui
688 1461 751 1502 uno
764 1460 842 1525 quac
854 1437 1079 1502 enucleamnus
1092 1441 1249 1501 oculorum
1262 1443 1324 1507 ob-

279 1552 344 1604 tutu
365 1544 599 1627 contemplatur,
620 1546 770 1609 vocabula
790 1540 915 1628 quidem
928 1543 966 1604 ab
981 1541 1137 1622 Hesycbio
1149 1562 1189 1602 ex
1201 1539 1322 1622 Dioge-

279 1645 371 1706 niano
385 1665 452 1708 esse
465 1657 600 1730 recepta,
621 1645 881 1730 inthiretationc's
901 1655 1003 1706 autem
1020 1665 1084 1705 non
1096 1663 1163 1708 raro
1179 1646 1320 1720 omissae,

277 1767 401 1808 mecum
422 1729 563 1810 censebit.
616 1746 705 1829 Quae
725 1746 765 1810 de
783 1749 949 1811 verborum
973 1746 1080 1808 formis
1099 1757 1130 1808 et
1153 1748 1320 1828 originibus

278 1848 385 1912 tradita
399 1859 484 1927 sunt,
502 1849 644 1914 videntur
658 1855 775 1914 abesse.
820 1849 935 1913 Omnia
961 1861 1079 1927 autem,
1100 1867 1178 1933 quae
1203 1851 1318 1914 hucus-

277 1949 351 2012 dum
370 1951 404 2012 'm
416 1951 572 2034 Hesychio
593 1955 781 2042 evolvimus,
802 1953 829 2014 si
851 1951 891 2012 ad
903 1948 1130 2030 Diogenianmn
1147 1956 1316 2016 resenmtur

275 2065 445 2132 auctorem,
475 2054 556 2116 vitiis
581 2055 744 2140 scripttuac
768 2057 910 2135 minotio,
941 2057 1163 2119 accuratissime
1193 2051 1317 2123 ser'vant

273 2157 437 2218 litteranno
451 2153 598 2217 ordinem.
1428 2229 1433 2244 ι

359 2261 423 2326 Sed
433 2261 524 2324 nimis
537 2259 588 2324 diu
599 2257 681 2345 apud
686 2257 912 2342 Eqnnologum‚
925 2283 1017 2348 quem
1028 2283 1090 2323 uno
1102 2264 1197 2325 verbo
1203 2260 1313 2324 Ruhn-

271 2365 379 2428 lenius
399 2367 583 2442 absolverat,
603 2363 715 2424 morari
729 2363 825 2424 coacti
846 2365 975 2427 fuiinus:
998 2367 1060 2427 iam
1078 2363 1119 2426 ad
1137 2366 1227 2443 alios,
1261 2368 1312 2451 qui

271 2467 455 2548 Diogeniani
474 2469 566 2530 libros
584 2477 750 2545 noverunt,
772 2467 951 2530 accedamus
966 2489 1092 2530 necesse
1104 2478 1158 2530 est.
1201 2467 1311 2532 Ilulm-

269 2572 376 2635 kenius
391 2573 474 2634 euim
486 2571 535 2634 his
550 2571 696 2654 exemplis
708 2581 871 2654 praeterea.
916 2569 1017 2653 Cyrill.
1031 2570 1144 2630 Lexico
1161 2569 1220 2632 llls.
1243 2565 1310 2649 „cic

269 2667 374 2755 cippo,
396 2667 442 2749 ola
456 2674 602 2756 πνεῦμα,
625 2667 670 2747 ὥς
683 2665 821 2753 ἄνεμον·
845 2666 933 2754 οἴημα
948 2667 1061 2754 γὰρτὸ
1075 2667 1194 2750 πνέον,
1217 2669 1307 2753 nopai
1349 2744 1358 2756 ⁴

267 2777 503 2862 Awyemovqif‘
545 2775 679 2857 Hesych.
693 2773 718 2852 Ι,
739 2780 807 2838 121.
830 2769 939 2857 „lippa
959 2776 1102 2857 πνεῦμα,
1139 2769 1307 2858 φύσημα.“

266 2876 303 2939 Ιη
318 2879 367 2940 his
379 2880 529 2963 acquievit
540 2878 748 2957 Ruhnkenius,
771 2898 942 2962 quanquam
955 2900 1021 2939 non
1037 2888 1121 2939 erant
1139 2876 1211 2940 satis
1226 2889 1304 2963 apta.

265 2978 371 3039 Paullo
393 2981 478 3041 aliter
495 2981 527 3040 io
548 2979 641 3042 libelli
655 2981 732 3059 fine,
755 2979 985 3042 aBachmanno
1008 2979 1096 3058 editi,
1120 2973 1231 3054 Αέξετς
1258 2977 1304 3062 ἐγ-

266 3076 411 3163 κειμέναι
436 3084 506 3154 τοῖς
526 3076 644 3143 κανόσι
668 3074 752 3144 κατὰ
772 3087 935 3163 στοιχεῖον
951 3082 1011 3164 τῆς
1036 3083 1172 3164 χριστοῦ
1190 3078 1303 3166 γεννή

76 3255 79 3264 ¹
144 3255 147 3266 .
265 3198 357 3260 neoc,
374 3202 442 3246 των
453 3201 576 3263 φωτων
588 3178 696 3244 καὶ
655 3203 713 3264 της
725 3186 952 3266 πενιηκοττης
970 3179 1063 3259 Ως
1042 3205 1129 3265 αμα
1150 3207 1195 3264 ως
1207 3206 1301 3250 πνευ

263 3307 320 3369 μα.
343 3281 410 3368 ἅμα
428 3279 492 3368 γὰρ
510 3277 547 3349 τό
563 3272 693 3364 πιιῦμα
709 3282 1018 3374 παράΔιογενιανῳ
1036 3282 1134 3349 ubi“
1113 3309 1181 3370 αμα
1201 3309 1300 3349 conu-

261 3401 328 3477 ptc,
348 3407 421 3455 vere
433 3389 565 3466 πνεῦμα
582 3384 696 3468 dictum
709 3399 764 3450 est.
808 3391 860 3450 clr.
852 3411 907 3474 ..p
899 3388 994 3468 .459,
1013 3388 1109 3474 llsq.
1143 3387 1247 3451 Sebol
1262 3388 1299 3450 ad

262 3495 380 3558 Gallim.
393 3494 433 3555 H.
445 3490 669 3556 inDian.11.90
690 3485 891 3574 Meropes
907 3488 942 3556 ἐν
956 3490 1072 3576 Κρητῃ
1085 3488 1299 3575 Βριτομαρτις

259 3601 405 3678 τιμᾶται,
444 3594 489 3674 ὥς
510 3591 755 3678 Λιογιι·ιανός.“
794 3595 929 3677 Hesych.
968 3589 1226 3678 ,,Βριτομαρτις·
1261 3593 1297 3660 ἐν

260 3695 375 3781 Κρήτῃ
395 3693 610 3783 ἡ”Αρτ,εμις.“
652 3699 775 3762 Ilubnk.
798 3695 855 3782 Ep.
873 3696 944 3760 crit.
961 3698 1000 3760 ll.
1021 3720 1051 3784 p.
1066 3697 1136 3763 135.
1156 3698 1205 3762 ed.
1224 3722 1294 3764 nov.

153 3799 159 3816 ’
261 3839 298 3849 -
323 3800 425 3865 Schol.
440 3801 582 3865 Nicandri
594 3801 634 3864 ad
647 3801 790 3865 Theriac.
805 3825 836 3887 p.
853 3802 901 3867 15.
927 3796 1163 3884 ,,Διογενιανός
1178 3796 1213 3866 δὲ
1226 3805 1294 3884 zlo-

259 3901 343 3970 ἅειν·
365 3906 473 3980 καλῶς
494 3901 654 3980 αὔξεσθαι
673 3899 969 3988 καὶ·βλαστάνιιν.“
1011 3905 1147 3986 Hesych.
1169 3898 1293 3984 ,maol-

257 4019 390 4074 σουσιν·
424 4003 695 4090 βλαστὴσουσιν.“
718 4046 756 4056 —-
787 4007 922 4072 Eustatb.
942 3999 982 4068 ad
1001 4005 1063 4070 Od.
1085 4007 1123 4068 li.
1145 4029 1176 4093 p.
1203 4007 1290 4071 1588.

256 4105 491 4194 ,,Διογενιανὸς
512 4107 637 4184 Olenus
655 4109 754 4194 λέγει,
783 4104 833 4188 οἷς
856 4103 897 4176 τὰ
911 4104 1057 4194 πηδάλια
1077 4104 1291 4193 ἐπισιρέφου-
