2894 4816
1217 433 1223 447 Ι

75 498 215 560 'nomen
232 487 450 556 restituendmn
472 486 604 568 videtur,
627 496 678 549 aut
693 493 774 548 certe
793 493 895 548 noster
911 481 1142 566 lexicographus

96 602 160 664 alio
178 598 304 660 110111ine
323 603 448 659 vocatus
467 600 521 654 est.
554 611 583 674 p.
602 588 651 665 55,
674 588 821 660 ὅδε-38.
840 577 1070 664 ,ἀλάβαστρον
1085 579 1145 646 καί,

84 695 315 786 ,ἀλάβαστρος
338 686 483 778 λήκυθος
498 689 609 772 λιθίνη
627 683 710 766 πρὸς
724 681 841 770 μύρων
862 679 1037 750 οίπόθεσιυ·
1060 686 1146 764 λαμ-

95 800 192 888 βάνει
214 799 249 866 δὲ
272 797 309 866 τὸ
333 820 370 878 ρ,
411 787 592 876 ἁλάβαστος
615 778 709 854 οὖσα.
747 785 853 866 οὕτως
882 787 927 862 είς
954 781 991 850 τδ
1024 778 1141 866 Διογέ·

93 907 212 981 υους.“
235 902 318 992 quod
330 902 413 964 enim
424 897 542 976 additur
554 885 717 976 ἐγκώμιον
726 914 795 954 cum
807 890 1000 975 sequentibus
1012 888 1139 948 coniun-

95 1007 233 1090 gendum
255 1017 308 1070 est.
351 1001 415 1088 Ap.
434 999 569 1080 Hesych.
594 987 814 1076 ,ἁλάβαστος
845 986 1001 1074 λήκυθος.
1047 981 1139 1050 'Ald-

95 1113 259 1195 βαστρου·
297 1097 490 1190 μυροθηκη·
528 1099 624 1174 λίθος
652 1091 820 1180 διήφιυος(
855 1095 888 1154 in
911 1093 1018 1177 quibus
1037 1089 1146 1156 verbis-

94 1237 160 1276 non
176 1232 288 1292 magna
300 1205 467 1272 similitudo
480 1202 616 1278 cernimr,
629 1209 787 1284 propterea
800 1195 860 1256 nisi
871 1196 960 1256 fallor
971 1196 1137 1267 obscurata,

95 1314 268 1401 quodquae
290 1307 361 1398 post
376 1302 524 1390 λήκυθος
544 1304 745 1386 sequebantur
756 1296 940 1362 exciderunt.
982 1293 1063 1357 Nam
1082 1289 1137 1353 ad-

95 1431 142 1482 est
155 1417 380 1504 aptissimormn
391 1411 601 1494 exemplonun
613 1406 700 1489 copia
712 1399 795 1464 haud
806 1399 929 1480 exigua,
950 1419 980 1482 p.
994 1392 1066 1472 244,
1084 1397 1135 1456 22.

94 1544 119 1584 s.
135 1544 165 1585 v.
189 1513 316 1606 γυλιός·
359 1507 518 1594 Διογένης
535 1502 668 1590 οίγγεῖον
684 1496 903 1585 ὁδοιπορικδν
918 1497 963 1572 είς
978 1487 1153 1558 ἀπόθεσιν

94 1623 163 1686 τοῖο
177 1615 382 1702 ἀναγκαίων,
405 1605 434 1701 ηδ
456 1609 597 1696 ἐχρῶντο
613 1609 647 1673 οἱ
667 1605 883 1688 στρατιῶται“
904 1625 951 1687 ιη).
966 1597 1099 1678 Ηεεγολι.
1112 1594 1136 1672 Ι,

94 1749 124 1810 p.
140 1723 213 1788 865.
234 1714 416 1802 ,,Γύλλιον·
440 1710 459 1781 ὁ
472 1699 632 1795 Ἡρακλῆς
645 1707 699 1774 καὶ
712 1704 864 1791 οίγγείονιι
874 1701 943 1766 'cett
955 1699 995 1763 οδ
1008 1700 1136 1762 κοτίνοιο

95 1826 205 1890 eadem
220 1825 415 1910 reperiuntur.
439 1857 477 1868 -
500 1840 530 1903 p.
545 1821 616 1893 267,
640 1820 688 1878 10.
709 1803 908 1892 ,Διογένης
933 1796 973 1884 (ἡ
989 1798 1136 1864 διαδικα-

95 1925 173 2010 σία)
202 1922 223 2010 ἡ
247 1923 406 2005 ἐπίκρισις
431 1921 493 1986 τοῦ
507 1914 694 2000 ἐπιτηδείου
716 1909 804 1995 πρὸς,
821 1902 1045 1986 λειτουργίαν,
1081 1894 1137 1962 καὶ

94 2029 216 2097 τίίλλα“
238 2053 286 2118 ap.
298 2028 432 2110 Hesych.
448 2021 557 2086 eadem
569 2023 663 2084 verba
681 2017 721 2080 Π.
733 2041 763 2103 p.
777 2013 860 2087 941,
882 2008 937 2074 sed
956 2028 1011 2093 pro
1024 1997 1137 2077 τᾶλλα,

94 2127 386 2216 nodedum-p.
400 2133 472 2206 272,
482 2125 532 2192 34.
554 2121 732 2202 ,Δίδυμον
756 2110 828 2182 δυό.
849 2106 1040 2194 Διογένης.“
1060 2105 1154 2166 Ηοιι.Ι

94 2238 119 2301 Ι.
132 2261 162 2324 p.
170 2241 242 2302 979.
267 2233 385 2318 ,δηλοῖ
399 2228 434 2296 δὲ
449 2223 505 2293 καὶ
520 2222 602 2292 δυό“
621 2263 660 2274 -
677 2247 707 2309 p.
715 2220 787 2298 255,
801 2221 830 2282 8.
853 2211 1134 2297 ,δελφακούσθαν

94 2341 306 2406 τελειοῦσθαι
319 2332 376 2414 τιίς
391 2336 459 2410 σῦς.
476 2323 647 2412 Διογένης.
669 2323 803 2405 Hesych.
820 2319 844 2398 Ι,
857 2323 930 2382 912.
947 2314 975 2380 δ.
990 2307 1136 2378 τελειοῦ-

96 2450 177 2510 σθαι
199 2437 258 2518 τὰς
277 2430 336 2518 ὗς“
359 2476 397 2488 -
418 2459 449 2522 p.
464 2432 537 2511 248,
558 2429 610 2512 24.
632 2418 826 2508 ,δανειστήν
846 2417 881 2485 δὲ
899 2409 1060 2500 Διογίυης
1079 2405 1136 2476 καί
1255 2420 1257 2428 ·

95 2543 156 2612 τόυ
176 2537 457 2626 δεδανεισμένου.“
478 2536 552 2613 Hes.
572 2532 597 2596 I.
615 2554 646 2616 p.
661 2531 733 2594 886.
762 2518 969 2605 ,δανειστὴν
1002 2513 1059 2582 καὶ
1076 2508 1137 2577 ιδν

97 2643 353 2732 δανεισάμενονιι
374 2640 429 2703 ubi
448 2640 552 2700 confer
562 2633 730 2697 Kusterum
752 2665 790 2676 -
813 2648 843 2711 p.
857 2621 929 2699 248,
944 2625 971 2684 1.
989 2639 1014 2680 s.
1025 2638 1056 2680 v.
1079 2606 1136 2677 δοί-
1185 2647 1188 2654 ·

96 2775 189 2821 νειου
209 2744 391 2832 ,Διογένης
406 2739 538 2826 μερίδος
554 2731 657 2820 ίσχύν,
679 2728 798 2814 γέρας“
826 2724 960 2806 Hesych.
979 2722 999 2782 l.
1020 2721 1041 2779 l.
1067 2719 1137 2780 Λα-

96 2853 165 2933 υδς·
189 2849 308 2938 ἀληθὲς
328 2843 476 2931 ἢδῶρον
495 2834 518 2924 ἢ
534 2837 652 2921 μερίδα
672 2826 810 2916 ἢίσχύυ.
832 2824 930 2913 γέρας
952 2817 974 2904 ἢ
994 2813 1138 2894 δοίνειον,
1234 2819 1237 2828 ’

96 2973 168 3046 etp.
182 2956 253 3022 885.
269 2947 382 3026 δοίυας·
406 2943 540 3030 μερίδας
556 2933 759 3020 Καρύστιοι(ι
782 2931 937 3014 σίαίοῳιῒ.
961 2961 999 2973 --
1022 2923 1136 3006 μ.219,
1188 2913 1194 2923 ’

96 3067 149 3128 39.
172 3048 458 3139 ,Γαζοφυλίικιοψ
478 3032 813 3130 δησαυροφυλοίκιου·
836 3024 918 3114 γοίζα
930 3021 992 3110 γὰρ
1011 3028 1136 3106 θησαυ-

97 3156 172 3243 ρδς·
203 3159 248 3236 εἰς
267 3154 303 3225 τδ
324 3145 516 3239 ῥητορικὸν·
550 3143 606 3213 καὶ
627 3143 786 3214 πλοῦτος·
809 3131 862 3201 καὶ
885 3133 1012 3214 ταμιεῖα
1027 3119 1137 3208 γοίζας.

97 3259 289 3353 Διογένης.“
309 3255 513 3345 ApHesych.
521 3251 546 3330 1,
563 3254 634 3316 789.
657 3238 802 3328 ,Γάζαν
827 3233 994 3302 πλοῦτονιι
1015 3227 1137 3308 „sago-

99 3360 279 3452 φυλᾶκιου·
300 3348 641 3444 δησοιυροφυλοίκιονα
665 3359 732 3412 cett.
762 3383 800 3393 -
831 3334 959 3428 p.214‚
981 3335 1030 3397 18.
1061 3321 1138 3406 ,θεαὶ

99 3465 273 3556 βρομὴσει,
297 3456 451 3548 φυσὴσει·
479 3451 658 3538 Διογένης,
687 3473 734 3536 ap.
753 3443 888 3525 Hesych.
905 3437 930 3500 I.
949 3457 979 3520 p.
992 3434 1064 3494 769.
1085 3447 1137 3488 ea-

100 3575 185 3655 dem,
215 3569 414 3652 additapoce
433 3555 599 3640 ςίιοιγήσείι
623 3594 661 3604 -
683 3576 714 3639 p.
734 3546 804 3624 195,
822 3542 872 3608 55.
891 3561 915 3602 s.
937 3557 968 3598 υ.
997 3528 1135 3613 βεῦδος·

100 3673 165 3742 ἔστι
179 3668 289 3750 πόλις·
310 3665 367 3736 καί
378 3655 538 3749 γυναικδς
553 3651 683 3741 ίμοίτιου
698 3641 885 3722 πολυτελὲς·
909 3631 998 3716 παρὰ
1009 3629 1136 3714 Ἑρμιο-

99 3781 191 3844 νεῦσι
211 3772 247 3842 δὲ
268 3770 325 3840 καὶ
346 3766 496 3855 δγαλμαιι
517 3760 652 3842 Hesych.
665 3755 690 3818 I.
706 3765 736 3839 p.
751 3754 823 3815 722.
849 3739 994 3828 Ι..βεῦδος
1013 3732 1138 3818 στέμμα

99 3906 129 3948 τι
141 3877 197 3948 καὶ
219 3871 350 3962 ἱμάτιον
376 3870 567 3956 γυναικεῖον
586 3857 642 3926 καὶ
654 3851 749 3932 πόλις
764 3847 820 3916 καὶ
836 3842 984 3930 ίίγαλμαιι
1008 3880 1046 3890 -
1068 3860 1137 3928 pag.

104 3991 178 4064 111,
200 3982 252 4048 55.
273 4003 297 4046 ε.
315 4001 346 4045 v.
370 3971 478 4040 Ἀντία
513 3961 651 4048 ,ἀνταία
678 3955 735 4026 καὶ
754 3949 774 4040 ἡ
794 3944 912 4032 Ἑκάτη
932 3941 1138 4014 ἐπιθετικῶς·

105 4083 265 4172 ΙΔίιογίυης
287 4079 429 4156 ίκίσιος“
458 4098 506 4162 ομ.
523 4068 659 4152 Hesych.
676 4062 702 4142 Ι,
719 4085 748 4148 p.
763 4063 834 4126 891.
857 4045 1018 4134 ,ἈνταίοιΙ
1043 4037 1142 4118 ,ἕλαν-
