2894 4816
175 377 336 440 ¹18

293 561 380 613 mum
399 537 705 611 instrumentumista
724 535 765 604 ad
778 535 943 617 Eulogium
967 537 1094 621 epistola
1109 537 1336 600 contaruinari.“

227 673 239 696 ν
292 643 453 722 Albertus,
483 641 695 706 celeberrimus
718 641 865 721 Hesychii
886 637 1000 716 editor,
1029 661 1123 723 quum
1143 638 1337 702 Valckenarii

292 747 474 812 seutentiam
492 746 671 830 impugnare
691 764 820 827 suasque
840 743 972 804 rationes
992 741 1021 802 ei
1044 743 1205 806 contrarias
1216 745 1336 827 praefa-

292 851 376 912 tione
395 843 530 912 secundo
557 845 707 912 voltunini
728 843 947 930 praemittenda
968 865 1146 931 expromere
1168 847 1337 924 statuisset3

292 963 363 1036 post
386 951 466 1014 illius
492 957 714 1033 praematuram
742 961 875 1010 mortem
896 945 1098 1010 Ruhnkenius
1116 947 1245 1010 libenter
1273 949 1337 1010 eius

293 1064 391 1138 portes
410 1051 541 1136 suscepit
560 1050 856 1134 Valckenariumque
880 1049 1007 1111 meliora
1033 1049 1164 1114 edocuit.
1214 1052 1270 1116 Ille
1291 1066 1337 1116 ta..

293 1177 367 1218 men
396 1175 432 1215 ea
450 1153 509 1216 sibi
530 1151 632 1214 doceri
659 1173 723 1214 non
744 1160 851 1238 passus
871 1161 926 1217 est.
975 1149 1082 1212 Paullo
1110 1165 1183 1236 post
1202 1155 1286 1216 enim
1303 1156 1336 1216 in

293 1254 497 1332 Theocriteis,
519 1255 601 1316 nulla
614 1252 791 1316 Ruhnkenii
803 1254 920 1316 ratione
934 1255 1046 1332 habita,
1070 1254 1201 1318 eandem
1214 1268 1336 1320 senten-

293 1361 368 1423 tiam
387 1357 506 1443 repetiit
517 1376 548 1440 p.
563 1359 636 1419 299.
679 1351 765 1433 „Ista
792 1356 945 1439 epistola“
974 1357 1016 1418 ait
1042 1379 1169 1435 „rerum
1192 1362 1337 1422 falsarum

294 1473 325 1524 et
349 1459 547 1528 absurdarum
574 1460 664 1542 plena
691 1479 813 1542 prorsus
841 1459 917 1520 nihil
944 1461 1128 1540 continetur,
1168 1461 1251 1545 quod
1272 1464 1336 1524 ullo

293 1563 390 1629 modo
417 1559 601 1647 respondeat
627 1559 778 1640 glossariis
804 1559 1035 1644 antiquissimis,
1067 1564 1133 1627 sive
1152 1564 1336 1649 optimarum

292 1685 411 1740 terrun,
458 1683 532 1747 quas
559 1663 636 1726 liber
662 1653 874 1742 Hesychianus
908 1666 1110 1749 amplectitur,
1161 1665 1336 1746 dignitate.“

294 1763 401 1845 Quid?
431 1763 514 1849 quod
528 1765 648 1844 longius
670 1766 704 1826 in
725 1761 851 1824 audacia
880 1785 934 1827 sua
961 1767 1163 1852 progreditur,
1186 1768 1336 1832 eundem·-

294 1889 353 1953 que
370 1869 545 1945 hominem,
567 1867 618 1951 qui
640 1865 753 1930 Suidae
772 1866 872 1928 lexico
895 1869 1005 1930 salsam
1025 1871 1251 1956 inscriptionem
1273 1871 1336 1934 im-

234 1959 236 1966 ’
288 1972 441 2056 posuerit,
463 1973 542 2034 hanc
565 1991 685 2054 quoque
705 1969 866 2053 epistolam
885 1970 1040 2056 scripsisse
1055 1984 1087 2036 et
1101 1975 1221 2036 titulum
1231 1975 1336 2038 lexico

287 2073 676 2156 praemisisse'suspicatur.
1279 2115 1283 2119 -

377 2171 458 2253 Etsi,
472 2173 690 2236 Valckenarius
722 2173 790 2258 ipse
818 2175 1009 2256 Hesychium
1042 2180 1132 2241 lexici
1156 2181 1336 2266 scriptorem

286 2275 455 2354 vagnovisse
473 2273 608 2340 videtin:
640 2286 745 2337 tamen
767 2285 904 2360 apertum
923 2291 983 2357 est,
1005 2281 1157 2349 siveram
1180 2305 1246 2346 esse
1267 2285 1336 2347 eius

244 2427 248 2432 ,
293 2372 333 2438 de
352 2377 478 2462 epistola
490 2375 531 2440 ad
544 2375 709 2457 Eulogium
725 2376 876 2442 iudicium·
889 2382 1063 2463 statuimus,
1083 2384 1156 2452 inde
1169 2387 1255 2471 sequi
1266 2409 1336 2449 maa

288 2501 385 2560 gnam
401 2478 445 2542 de
457 2480 547 2544 lexici
558 2480 653 2566 ipsius
673 2492 795 2544 auctore
820 2481 1050 2548 dubitationem.
1093 2485 1138 2548 Ea
1151 2500 1256 2550 autem
1267 2491 1335 2574 ipsa

286 2592 377 2644 esta
401 2581 582 2666 quibusdam
601 2585 771 2669 proposita,
805 2596 836 2647 et
854 2586 918 2647 iam
940 2585 992 2648 diu
1013 2600 1082 2650 ante
1097 2590 1336 2656 Valckenarimn

292 2682 402 2746 audita.
446 2684 589 2750 Diximus
611 2688 649 2755 ab
663 2687 751 2749 initio
770 2709 809 2750 ex
823 2708 885 2750 uno
905 2687 1009 2751 codice
1032 2692 1200 2756 innotuisse
1213 2695 1274 2757 hoc
1288 2698 1335 2758 le-

290 2785 398 2863 xicon3
437 2809 536 2872 neque
562 2788 627 2852 eius
653 2789 830 2874 scriptorem
857 2791 1047 2870 Hesychium
1073 2795 1147 2858 alibi
1169 2799 1334 2860 nominari.

291 2873 582 2973 Heychii'quidem
598 2891 720 2975 plurimi
738 2903 910 2970 occummt,
931 2892 988 2955 sed
1008 2897 1056 2956 cui
1076 2899 1136 2960 hoc
1149 2899 1270 2961 lexicon
1282 2900 1334 2960 iu-

283 2989 478 3050 stetn'buere
499 3012 608 3074 queas,
640 2996 750 3057 nullus.
799 2991 902 3058 Aldus
926 2993 1097 3077 Manutius,
1128 2999 1334 3065 Alexandrini

166 3131 170 3140 ,
283 3088 437 3168 *Hesychii
455 3090 634 3172 immemor,
657 3115 813 3156 eumcum
833 3095 954 3160 Milesio
971 3114 1224 3182 commutaverat,
1245 3104 1334 3168 cuius

290 3187 400 3254 Suidas
427 3193 581 3273 meminit,
624 3206 655 3258 et
681 3196 766 3258 cuius
792 3199 900 3283 scripta
920 3201 1005 3284 plura
1032 3216 1161 3268 aetatem
1188 3209 1332 3270 ulenmr.

290 3288 474 3380 Quanquam
493 3316 576 3358 error
596 3299 800 3383 apertissimum
821 3312 898 3380 erat,
930 3315 961 3364 et
980 3327 1056 3368 mox
1075 3329 1094 3369 a
1115 3309 1232 3387 miultis,
1254 3319 1290 3370 ut
1311 3331 1332 3373 a

283 3381 441 3476 ¹Scalig'ero
462 3396 502 3459 ad
521 3395 606 3461 Suid.
621 3421 647 3464 s.
661 3421 691 3463 v.
710 3385 863 3484 ‘uetitos
883 3415 1021 3471 nouus:
1042 3420 1145 3472 tamen
1159 3427 1178 3473 a'
1190 3411 1333 3497 plurimis

278 3497 437 3564 ,adrnissus
456 3511 517 3579 est,
550 3523 627 3587 quos
647 3515 824 3570 enutrierant
844 3503 1097 3574 Thorschmidius
1117 3511 1156 3574 de
1169 3514 1331 3596 Hesychio

285 3595 423 3678 Milesio,
443 3600 569 3682 lllustri,
592 3603 763 3672 Christiano
785 3621 857 3673 sect.
871 3609 903 3689 I,
927 3619 955 3676 1.
976 3611 1021 3676 Io.
1035 3612 1111 3677 Alb.
1124 3615 1278 3679 Fabricius
1293 3617 1332 3680 in

283 3696 412 3764 Exercit.
427 3701 466 3765 de
479 3705 598 3770 Lexicis
620 3705 758 3791 Graecis,
788 3725 819 3775 et
831 3710 982 3778 Biblioth.¹
999 3712 1051 3778 Gr.
1063 3714 1120 3779 lV.
1135 3740 1161 3780 c.
1175 3717 1329 3798 XXXV,

283 3810 314 3862 et
331 3798 493 3882 Albertus,
514 3813 609 3891 praef.
631 3811 671 3872 ad
691 3815 825 3897 Hesych.
848 3839 913 3902 cap.
929 3823 956 3881 1.
978 3815 1006 3899 ξ.
1025 3823 1052 3881 1.
1071 3840 1103 3903 p.
1117 3817 1157 3882 Π.
1199 3819 1330 3884 Novam
1442 3861 1443 3892 a

279 3901 432 3981 ingressus
447 3916 493 3966 est
505 3909 590 3971 viam
598 3908 673 3977 Alb.
687 3913 850 3995 Fabricius,
867 3920 918 4004 qui
932 3921 1065 4007 primum
1079 3943 1114 3983 ac
1126 3922 1329 4008 praecipumn
1442 3921 1443 3940 ³

278 4005 367 4071 lexici
379 4017 516 4068 autorem
531 4009 721 4091 Hesychium
734 4016 977 4085 Alexandrinum
992 4045 1059 4087 esse
1073 4023 1209 4102 credidit,
1229 4047 1330 4110 quem

275 4107 363 4172 tertio
377 4120 447 4194 post
467 4106 577 4174 Christi
590 4132 705 4180 anntun
723 4125 856 4186 natalem
875 4127 979 4188 seculo
999 4126 1138 4188 floruisse
1153 4123 1329 4191 Graecam-
