2894 4816
1071 403 1075 408 “
1126 384 1151 447 fr

101 547 205 627 libris,
237 548 376 610 omniurn
395 548 537 611 manibus
555 559 585 609 et
603 569 655 612 ore
675 549 763 626 tritis,
787 567 880 609 nemo
903 548 1038 611 institnit.
1081 549 1151 613 Non

102 662 153 714 cst
172 652 263 731 igitur
282 649 366 736 quod
389 648 441 711 diu
469 671 639 729 moremur;
668 651 860 730 accingamus
883 671 942 713 nos
969 652 1070 736 operi,
1099 651 1152 712 diu

102 763 224 838 praeter
236 753 284 814 ius
299 755 405 836 fasque
425 755 581 832 neglecto;
604 763 633 814 et
648 750 721 836 quid
734 773 788 836 per
799 752 913 831 ingenii
931 755 1087 816 facultates
1104 756 1150 817 ef-

103 854 312 933 ficereliceat,
335 855 533 940 experiamur.

190 955 295 1019 Nullas
326 967 429 1018 autem
456 956 556 1019 critica
584 977 632 1018 ars
654 959 704 1020 vel
725 955 857 1017 maiores
884 958 936 1018 vel
967 954 1151 1019 difficiliores

103 1058 298 1143 quaestiones
311 1060 413 1138 habet,
433 1080 525 1144 quam
536 1080 615 1144 quae
628 1069 699 1120 sunt
713 1056 752 1119 de
765 1057 911 1118 librorum
924 1078 963 1119 ex
977 1058 1152 1142 antiquitate

104 1157 147 1222 ad
167 1181 225 1223 nos
244 1163 428 1245 perlatorum
447 1162 528 1226 veris
552 1161 732 1222 auctoribus.
763 1157 903 1220 ·Etenim
923 1160 1017 1239 longo
1034 1161 1151 1237 itinere,

105 1283 168 1346 quo
190 1261 326 1325 ueterum
347 1262 457 1347 scripta
478 1262 517 1324 ad
543 1284 601 1325 nos
622 1271 832 1349 perrexerunt,
859 1271 906 1321 tot
924 1261 1057 1340 fatorum
1077 1264 1151 1326 sub-

104 1362 170 1426 iere
188 1361 376 1442 discrimina,
399 1373 432 1424 ut
451 1364 479 1426 si
499 1361 538 1426 de
559 1365 629 1427 libri
650 1376 772 1427 auctore
795 1361 960 1442 dubitatur,
981 1365 1036 1429 vix
1056 1366 1152 1425 ullum

105 1485 203 1546 genus
223 1463 488 1528 demonstrationis
510 1469 653 1532 omnibus
675 1465 847 1531 satisfaciat.
891 1461 995 1544 Quare
1015 1467 1085 1528 licet
1101 1483 1152 1526 se-

105 1566 146 1630 tis
161 1569 251 1647 longa
264 1568 303 1630 sit
325 1566 567 1632 acutissimorum
588 1571 752 1633 hominum
770 1561 880 1646 series,
902 1568 954 1653 qui
966 1588 1057 1632 veros
1068 1564 1152 1628 libris

107 1680 244 1732 auctores
258 1668 421 1751 vindicare,
443 1693 586 1751 germana
601 1674 640 1735 ab
655 1671 830 1734 adulterinis
845 1681 876 1733 et
887 1664 1089 1755 suppositiciis
1104 1663 1152 1727 di-

106 1772 274 1851 stinguere,
297 1783 328 1833 et
348 1783 400 1834 aut
420 1773 547 1834 nomina
565 1774 718 1835 immerito
738 1775 879 1858 inscripta
897 1791 1074 1848 removere,
1102 1776 1168 1828 aut·

107 1873 260 1936 immerito
279 1887 398 1937 remota
415 1876 579 1938 etenebris
596 1874 628 1936 in
650 1878 751 1937 lucem
770 1872 937 1960 producere
959 1868 1152 1934 studuerrmt:

107 1988 214 2038 tamen
226 1988 291 2038 tam
311 1997 406 2061 pauca
420 1990 491 2040 sunt
509 1988 607 2039 aetate
620 1987 723 2039 nostra
742 1999 814 2041 rere
830 1977 993 2061 explicata,
1015 1979 1049 2030 ut
1058 1988 1154 2031 even-

1 2147 2 2150 ,
106 2076 274 2141 tusstudiis
288 2078 415 2141 minime
430 2078 628 2165 responderit.
672 2075 780 2157 Quid?
802 2077 887 2165 quod
898 2072 1051 2139 interdurn
1065 2068 1154 2130 dubi-

106 2181 240 2243 tationes
252 2202 315 2243 non
329 2180 508 2245 imminutae
521 2194 644 2267 propter
662 2181 870 2267 quaerentium
884 2191 915 2241 et
930 2177 1050 2261 copiam
1064 2181 1095 2233 et
1107 2168 1155 2230 di-

106 2284 279 2362 ligentiam,
311 2280 368 2344 sed
394 2294 499 2345 auctae
521 2303 604 2361 esse,
638 2294 669 2344 et
688 2281 880 2345 difficultates
900 2301 964 2342 non
985 2273 1155 2349 evanuisse,

107 2381 231 2448 sedvel
250 2383 347 2463 magis
361 2384 394 2445 in
406 2386 569 2447 hominum
591 2387 696 2447 ocutos
709 2387 870 2448 incurrisse
883 2382 1040 2448 videntur:
1062 2377 1104 2438 ita
1122 2381 1155 2433 ut

109 2487 219 2571 siquis
239 2487 332 2550 vellet
350 2489 499 2572 exemplis
518 2489 577 2568 uti,
598 2490 688 2550 facile
702 2491 787 2573 plura
809 2489 956 2571 proferret
976 2480 1155 2542 detrimenta

108 2589 161 2651 his
170 2586 285 2666 studiis,
306 2607 398 2672 quam
411 2587 587 2651 adiumenta
600 2610 655 2674 per
670 2588 853 2650 clarissimos
866 2587 949 2650 viros
962 2585 1133 2666 importata.

196 2688 243 2752 At
257 2689 369 2776 duplex
383 2692 533 2776 imprimis
545 2713 641 2771 genus
655 2702 701 2752 est
712 2692 822 2752 hanun
838 2686 1058 2772 quaestionum.
1084 2677 1155 2739 Ple-

109 2813 240 2877 rumque
259 2793 343 2854 enim
362 2796 476 2856 facnrm
496 2805 558 2872 est,
579 2805 614 2856 ut
631 2792 814 2880 fraudulenti
833 2788 993 2872 dolosique
1014 2779 1157 2844 homines

109 2905 252 2982 veterum
271 2895 354 2958 libris
373 2899 450 2960 falsa
473 2897 599 2959 nomina
618 2895 760 2958 audacter
783 2893 994 2966 inscriberent,
1033 2893 1085 2946 aut
1101 2899 1157 2943 sua

4 3043 6 3066 ς
109 3003 251 3088 ipsorum
263 3020 355 3087 opera
369 2999 634 3062 celeberrimorum
647 2998 811 3058 hominum
827 2991 1003 3056 nominibus
1027 2991 1157 3048 eriorna-

4 3087 6 3114 ’
110 3112 192 3166 rent.
234 3099 298 3181 Qui
310 3123 371 3186 quo
384 3100 535 3164 doctiores
547 3104 670 3163 fuerunt
689 3111 719 3161 ct
734 3097 918 3173 callidiores,
939 3115 977 3156 eo
990 3088 1088 3168 magis
1099 3085 1159 3145 fal-

111 3205 211 3269 laciae
227 3206 314 3284 signa
329 3215 360 3266 et
370 3215 459 3266 notas
472 3206 671 3284 occultarunt3
692 3203 726 3264 in
738 3203 847 3287 quibus
858 3189 1081 3263 subodorandis
1093 3183 1159 3272 pari

110 3321 146 3374 et
162 3306 323 3369 calliditate
340 3317 370 3368 et
383 3306 518 3367 doctrina
533 3325 667 3384 egemus.
689 3303 796 3389 Neque
802 3315 906 3365 tamen
919 3317 1040 3381 semper
1058 3295 1157 3352 fraus:

108 3408 272 3475 interdum
292 3408 384 3468 etiam
398 3427 513 3468 errores
535 3407 709 3484 obtinuere3
730 3407 763 3466 in
783 3405 891 3488 quibus
903 3401 977 3486 ipsis
989 3408 1093 3456 tamen
1105 3387 1160 3449 de-

108 3507 257 3590 tegendis
275 3508 365 3568 multi
383 3519 575 3590 postemrum
595 3510 703 3568 frustra
724 3507 906 3568 laborarunt.
949 3497 1030 3562 Nam
1047 3507 1162 3553 errores

112 3628 241 3700 quoque
262 3609 360 3670 semel
381 3606 508 3669 admissi
526 3628 617 3690 quam
638 3605 762 3667 difficile
780 3605 978 3682 corrigantm,
1017 3596 1162 3658 librorum

71 3743 79 3754 ·
114 3725 258 3780 veterum
276 3710 402 3774 historia
427 3707 595 3772 innmneris
619 3706 768 3790 exemplis
789 3704 900 3765 docuit.
942 3698 1045 3761 Unum
1060 3703 1162 3756 autem

116 3823 231 3880 horum
246 3835 381 3876 errorum
393 3835 488 3895 genus
501 3833 567 3873 non
581 3811 755 3893 infrequens
771 3816 826 3868 est.
869 3801 974 3882 Quum
988 3800 1072 3863 enim
1084 3809 1162 3857 tem-

10 3953 11 3978 1
118 3940 195 4006 pora
218 3926 334 3994 essent,
367 3918 475 4001 quibus
495 3914 655 3996 grandiora
681 3929 774 3997 opera
794 3905 1005 3992 displicebant,
1036 3900 1163 3980 librique

120 4018 249 4084 minoris
272 4019 363 4079 molis
387 4017 588 4102 acceptissimi
609 4025 708 4078 crant:
741 4006 931 4094 excerpendo
952 4004 1038 4070 multi
1056 3997 1163 4062 merita

122 4123 184 4186 sibi
203 4121 379 4184 contrahere
402 4118 579 4199 studebant3
623 4137 721 4202 neque
747 4123 904 4200 propterea
929 4101 1164 4194 reprehensione
