2894 4816
1123 372 1166 434 47

120 534 275 622 Arippara,
297 539 363 602 sive
383 531 551 620 Πάμμνις
572 536 612 604 Is.
631 533 761 623 denique
778 537 910 602 Vossius
928 536 1079 620 Λαμίαι“
1098 537 1163 601 lle-

120 651 178 704 cte.
222 640 285 705 Sed
297 643 437 708 universe
454 639 568 706 vidisse
579 661 631 702 me
654 641 813 718 confiteor,
834 639 874 706 Is.
892 641 998 705 Vossii
1017 642 1050 703 in
1061 641 1162 723 Hesy-

107 743 225 805 alsium
246 743 431 806 coniecturas
449 763 571 829 semper
589 743 716 806 maximi
735 743 953 822 aestimandas,
975 764 1074 828 neque
1088 744 1160 808 salis

117 856 256 907 accurrate
272 843 394 932 semper
411 848 449 908 ab
467 844 596 909 Alberto
615 865 683 909 esse
702 865 875 931 perpensas.
920 844 1060 909 Ceterum
1078 846 1161 931 prior

116 949 239 1026 glossae
251 969 320 1033 pars
338 969 378 1010 ex
401 945 504 1029 Cyrilli
524 949 623 1011 lexico
641 945 793 1033 descripta
809 941 957 1008 nrirlenda
974 959 1034 1028 est3
1054 958 1158 1032 poste-

110 1049 179 1110 rior
190 1050 279 1112 nobis
293 1049 465 1132 retinenda3
487 1051 555 1134 quia
573 1050 730 1135 probabile
743 1059 802 1126 est,
826 1046 1075 1111 Choeroboscurn
1086 1071 1158 1135 pro-

114 1139 183 1235 pter
198 1143 239 1214 nal
261 1147 426 1234 χάσματα,
448 1173 512 1213 non
534 1164 656 1237 propter
666 1150 815 1214 Demetrii
835 1171 963 1214 uxorem
973 1149 1158 1231 Diogenianu‘

113 1254 306 1351 meminisse!
345 1252 574 1340 Quanquamin
589 1256 640 1333 iis,
662 1275 740 1339 quae
753 1251 910 1316 Beldcerus
923 1253 1031 1332 edidit,
1054 1252 1156 1316 Choe-
1239 1279 1246 1310 l
1283 1293 1286 1304 .

112 1358 260 1420 roboscus
274 1356 458 1440 Diogeniani
474 1379 590 1422 nornen
607 1358 690 1418 nullo
709 1358 779 1418 loco
795 1367 914 1442 praeter
932 1377 1018 1434 erun,
1040 1355 1154 1441 dequo

111 1459 207 1521 loculi
220 1481 343 1539 sumus,
364 1461 475 1540 attigit:
498 1461 594 1522 arradit
607 1470 709 1521 aarncn
725 1470 756 1520 et
766 1457 927 1545 explicavit
939 1454 1054 1536 λέξεις,
1076 1480 1153 1544 quae

111 1562 339 1628 eodemmodo
361 1563 398 1626 in
415 1563 571 1645 Hesychia
590 1574 747 1650 apparent,
775 1573 809 1624 ut
827 1581 863 1624 ea
885 1541 1006 1648 quoque
1027 1583 1067 1624 ex
1088 1563 1153 1626 eius

109 1666 188 1728 libro
201 1667 338 1730 hausisse
352 1665 497 1730 videatur.
541 1663 683 1734 Anecdd.
700 1661 729 1748 p}
745 1666 835 1727 1318.
858 1657 1050 1747 ,,νέμᾶρνγξ,
1068 1658 1154 1746 ἀμά-

110 1787 234 1851 ρνγνος
254 1765 306 1833 aa
328 1764 463 1847 ἀκτῖνος
480 1765 537 1834 aul
553 1759 764 1850 λαμπηδόνος
777 1760 832 1828 aul
846 1759 988 1845 ὄφεως.“
1015 1768 1150 1848 Hesych.

108 1864 341 1955 „cluupuyaub
371 1863 515 1949 ν’κτῖνες,
550 1863 775 1954 λάμτηδόνες,
805 1861 923 1942 ὅροιςιι
944 1867 999 1930 sed
1020 1889 1059 1930 ex
1078 1869 1151 1930 blu-

107 1975 171 2036 suri
195 1976 382 2040 coniectura:
411 1975 509 2038 codex
529 1974 612 2036 enim
629 1975 739 2036 melius
759 1972 883 2057 praebet
911 1963 1150 2054 ,,ἆμάρνγγες“

105 2087 214 2161 postea
227 2071 370 2160 ιἰκτῆνες.
414 2077 497 2140 Male
508 2079 596 2157 igliur
608 2075 752 2138 Alberlus
774 2068 865 2150 ὄψεις
885 2093 941 2159 pro
962 2066 1057 2153 ὄφεις
1076 2093 1150 2158 pro-

105 2181 212 2242 barum
229 2181 293 2244 ivit.
318 2217 356 2228 -
400 2179 542 2243 Anecdd.
562 2204 592 2266 p.
621 2181 711 2246 1359.
738 2177 887 2257 „rutena
907 2171 927 2240 d
949 2168 1148 2260 ν’ριστητὴςι*

105 2283 158 2343 ubi
168 2280 252 2343 haud
264 2279 355 2344 dubie
368 2281 509 2345 Beldrero
524 2277 695 2365 δνιτνμών
706 2280 898 2344 scribendum
909 2291 980 2343 erat.
1012 2279 1146 2361 Hesycb.

104 2376 341 2466 ,,ὅαιτνμόνες·’
359 2377 560 2463 σύνδειπνοι,
576 2379 756 2468 ἀριστηταὶ,
770 2377 1144 2466 τύωχούμινοιῆοιιμ

103 2484 247 2548 Anecdd.
271 2509 302 2572 p.
326 2491 417 2551 1360.
432 2487 466 2550 s.
488 2508 517 2551 v.
546 2481 666 2569 Δομὴν
698 2479 817 2568 ,Ἀζὴν
844 2483 879 2550 δὲ
908 2481 1038 2566 λέγετονΔ
1061 2479 1145 2547 nord

107 2583 246 2668 Φρύγας
266 2583 286 2652 ὁ
309 2584 449 2670 πώγων*
475 2585 602 2666 Ἀδὲνες
628 2584 664 2654 δὲ
691 2584 842 2668 λέγονται
876 2585 910 2650 ol
939 2585 1145 2669 βονβῶνις.“
1182 2601 1188 2622 ·

102 2690 274 2772 Hesychius
297 2684 459 2769 ,ζἈζινον·
473 2683 633 2774 τρίγωνα·
651 2686 820 2770 Φρύγες·“
839 2682 985 2764 Ἀδένες·
1006 2699 1143 2768 σνστρο·

102 2789 162 2872 ool
186 2787 366 2874 σαρκώδεις
387 2788 479 2874 παρὰ
500 2790 561 2877 τὴν
582 2791 678 2876 ῥάχιν
698 2789 753 2858 καὶ
775 2789 989 2874 βονβῶνες,“
1014 2809 1144 2874 quorum

100 2895 183 2978 prior
196 2915 278 2980 pars,
301 2917 378 2980 quae
391 2897 450 2957 huc
463 2917 526 2957 non
540 2898 668 2981 perainet
680 2917 718 2958 ex
734 2894 846 2976 cyrillo
870 2893 952 2956 illata
964 2903 1018 2956 est.
1051 2891 1144 2954 Prae-

99 3006 183 3058 terea
194 3008 364 3060 memoratu
375 2995 587 3076 dignissimum
599 3009 653 3078 esi,
675 2985 757 3084 quod
769 2999 863 3059 habet
873 2997 947 3058 Lex.
966 2993 1025 3059 Ms.
1049 2993 1141 3057 Coisl.

99 3089 222 3178 ,Ἀζὴν
240 3092 259 3163 ὁ
280 3095 401 3182 πώγων
420 3095 504 3164 κατὰ
520 3095 655 3182 Φρύγας
675 3096 817 3183 λέγεται·
840 3094 861 3183 ἡ
882 3095 966 3177 λέξις
987 3093 1024 3162 δὲ
1039 3091 1142 3178 Ἥρω·
1228 3108 1231 3114 ’

99 3197 244 3262 διανοῡ“
266 3203 320 3264 ubi
341 3223 404 3264 non
422 3213 538 3266 ramola
558 3214 603 3265 est
621 3204 806 3282 coniectura,
830 3225 869 3265 ex
885 3203 1075 3266 librariorum
1093 3221 1142 3261 er-

98 3321 165 3362 rore
184 3301 394 3366 Herodianum
413 3327 468 3390 pro
488 3304 681 3384 Diogeniano
701 3307 893 3368 nominabun
911 3325 987 3367 esse.
1035 3299 1081 3362 At
1100 3321 1142 3362 ne

97 3402 189 3464 nimis
202 3422 346 3481 magnam
360 3409 479 3492 copiam
498 3429 675 3486 congeram,
697 3409 863 3471 sententiae
879 3426 969 3468 meae
982 3403 1140 3468 veritatem
1218 3477 1220 3490 Ι

98 3503 322 3566 demonstrasse
350 3519 446 3584 rarus,
474 3529 570 3568 unum
590 3499 802 3571 tantummodo
828 3505 1004 3592 exemplum
1028 3499 1139 3566 addam
1202 3535 1209 3542 ·

97 3601 239 3668 Anecdd.
260 3627 290 3690 p.
316 3610 406 3671 1389.
433 3607 572 3688 ,Κῑρις
596 3605 717 3674 ἔστιδὲ
738 3605 825 3684 εἶδος
847 3608 994 3689 ἱέρακος·
1015 3593 1139 3686 λέγεται

98 3705 133 3771 σὲ
154 3703 210 3770 aul
232 3702 324 3790 asad
346 3709 510 3791 Κυπρίοις
542 3703 740 3788 ὁ”Αδιινις,
768 3707 859 3793 nopai
884 3707 920 3775 di
940 3704 1097 3774 Λάκωσιν
1117 3701 1137 3771 ὁ

97 3803 223 3890 λύχνος.
231 3810 250 3842 “
297 3809 402 3876 Foede
428 3823 564 3899 corrupta
590 3815 667 3876 haec
695 3815 941 3876 circunferunua
970 3835 1017 3898 ap.
1035 3812 1138 3892 Hesy-

98 3911 213 3990 chium,
235 3912 308 3974 binc
328 3917 503 3998 corrigenda
531 3915 672 3998 ,,11ῖρις·
701 3912 826 4000 λύχνον
846 3913 967 3998 ὄρνεον
990 3910 1013 3999 ἢ
1035 3910 1137 3979 Ἀδω-

97 4029 156 4088 νις.
201 4007 373 4095 Adana-ac,
395 4021 447 4082 cfr.
460 4017 635 4100 Etymolog.
648 4041 672 4084 s.
687 4041 718 4087 r.
736 4017 888 4106 Κίῤῥις.“
