2894 4816
91 549 295 617 2311111111
317 535 1143 644 11Ι1111’11111111.Χ1Π,Π,Ρ.191.0111111111
1205 515 1208 526 Ι

89 655 331 743 orthographiae
357 657 490 738 legibus,
522 681 597 746 quas
625 659 735 727 sudas
763 673 884 726 secutus
909 674 972 743 est,
1001 665 1144 822 peculiari

94 760 355 822 cormneutatione
375 759 531 825 disseram

182 875 305 976 Deinde
326 935 395 976 cum
417 913 555 978 Suidas
545 937 611 1001 1pse
632 895 763 982 incertus
785 917 839 996 eit,
865 939 923 1014 qua
945 939 985 981 ex
997 885 1144 994 Heraclea

96 1025 180 1076 ortus
201 1016 253 1094 sit,
277 1028 308 1078 et
331 1027 431 1079 utrum
450 1019 678 1104 grarnrnaticus,
700 1041 740 1082 an
761 1017 915 1086 medicus:
944 1044 1003 1086 uos
1024 1045 1144 1143 quoque

95 1117 197 1179 nihil
192 1119 264 1181 certi
276 1121 435 1184 habemus.
479 1119 561 1184 Est
552 1144 585 1183 m
603 1117 712 1186 Galeni
729 1122 813 1186 libris
833 1121 1107 1216 Diogenianus,
1079 1148 1144 1190 erus

88 1215 229 1300 amicus,
264 1223 312 1284 cui
337 1246 427 1286 suum
458 1202 570 1288 librum
594 1220 670 1306 napi
705 1215 995 1308 ἀναβαλλομένων
1016 1225 1143 1310 dicarit3

97 1323 311 1412 111.ΧΠΙ,.Ρ
335 1327 406 1392 965
430 1325 478 1390 ed.
498 1325 593 1390 Paris.
618 1325 728 1401 (clV.
749 1349 780 1413 p.
802 1332 871 1394 171
889 1327 938 1392 ed
951 1328 1144 1394 Basillatin.

95 1423 131 1488 Iu
153 1429 267 1506 graecis
285 1430 368 1492 enim
388 1431 471 1493 libris
486 1428 604 1492 ibidem
623 1428 712 1493 editis
729 1451 799 1522 pars
814 1432 1009 1522 praefationis
1026 1416 1144 1516 deest.)

97 1550 191 1614 quern
207 1531 249 1592 ait
258 1535 391 1596 veritatis
407 1555 475 1596 esse
489 1545 658 1595 amatorem
672 1555 707 1598 ac
726 1534 910 1620 simplicium
925 1535 1145 1626 medicinarum

91 1626 224 1696 'mutes
244 1635 377 1722 ediscere
397 1659 516 1724 cupere.
566 1633 709 1699 Alterum
737 1635 912 1702 Plutarchus
936 1650 1090 1700 memorat
1112 1639 1146 1702 in

98 1715 320 1822 Symposiacis,
343 1738 571 1820 Diogeniamun
584 1717 821 1818 Pergamenum3
844 1737 883 1801 de
898 1761 958 1825 quo
970 1741 1048 1802 nihil
1057 1761 1147 1825 prae-

97 1845 181 1902 terea
192 1843 339 1928 comperi.
363 1839 426 1921 Qui
443 1841 567 1929 quidem
582 1862 690 1903 omnes
710 1861 805 1924 quum
817 1841 878 1902 huc
891 1863 956 1902 non
968 1842 1146 1926 perducant,

98 1943 217 2006 maiore
246 1949 373 2009 sortasse
398 1947 463 2008 iure
490 1942 666 2032 producitur
685 1940 843 2022 Diogenes
870 1941 1023 2021 medicus,
1054 1965 1147 2028 quem

101 2042 235 2109 Galenus
253 2048 408 2127 nominat,
428 2048 467 2110 de
490 2046 658 2134 Composit.
681 2043 896 2110 medicament.
917 2039 1002 2110 κατὰ
1022 2039 1148 2121 τόπους

95 2149 153 2232 lib.
167 2147 221 2229 ΙΠ,
239 2171 303 2236 cap.
320 2155 349 2230 3,
364 2149 424 2232 IX,
448 2173 513 2240 cap.
531 2158 560 2216 7.
604 2151 658 2232 At,
681 2164 713 2215 ut
735 2149 808 2228 dixi,
830 2149 908 2214 nihil
921 2147 1147 2234 deremendum

101 2263 157 2315 esi.

93 2443 97 2450 .
188 2406 289 2470 Maior
309 2421 355 2472 est
377 2408 417 2472 de
433 2408 618 2495 Diogeniani
644 2419 742 2471 aetate
760 2409 907 2494 quaestio.
961 2405 1148 2492 Quanquam

101 2511 185 2574 enim
204 2511 391 2593 Hesychius,
415 2513 466 2597 qui
486 2533 576 2574 suum
590 2510 827 2591 ‘Diogenianum
850 2521 921 2595 post
939 2506 1098 2594 Apionem
1118 2520 1149 2570 et
1221 2509 1223 2512 ’

100 2613 315 2700 Apollonium,
337 2613 509 2698 Didymum
521 2627 551 2681 et
564 2613 728 2676 Thoonem
739 2612 853 2690 vixisse
867 2611 1016 2698 perhibet,
1032 2609 1149 2674 118111-

101 2715 180 2795 das,
197 2717 246 2802 qui
261 2717 417 2781 Hadriano
436 2729 580 2798 regnante
596 2717 736 2780 floruisse
754 2736 844 2780 curun
865 2713 922 2791 ait,
944 2735 1009 2779 non
1029 2712 1149 2797 dissen-

93 2820 196 2882 tiunt:
217 2822 400 2885 recentiores
413 2834 518 2884 tamen
534 2821 572 2884 de
593 2821 683 2886 huius
703 2819 875 2883 sententiae
885 2816 1012 2882 veritate
1028 2814 1150 2882 dubita-

101 2933 181 2985 runt.
224 2921 348 2984 Etenim
362 2923 520 2987 dubitandi
533 2926 692 2986 materiam
711 2922 850 3010 praebuit
862 2921 939 2984 liber
957 2918 1101 2998 aSuida,
1124 2918 1151 2984 si

102 3023 227 3086 codices
247 3044 355 3086 verum
374 3027 502 3105 habent,
529 3026 774 3113 praetenuissus,
796 3035 918 3092 nostrae
937 3035 1040 3086 autem
1060 3022 1152 3088 aetati
1185 3047 1190 3069 ¹

101 3135 250 3202 servatus,
272 3148 332 3211 quo
342 3131 505 3213 proverbia
526 3131 718 3218 explicantur.
754 3127 1029 3208 Possemusig'itur,
1051 3133 1152 3212 quou-

102 3229 168 3291 iam
185 3229 262 3290 liber
283 3250 300 3290 a
324 3229 419 3294 Suida
440 3254 504 3294 non
523 3236 780 3296 commemoratus
801 3241 861 3308 est,
889 3227 929 3291 de
952 3229 1153 3308 alio'Dioge-

103 3332 197 3394 niano
212 3353 284 3394 eum
298 3335 393 3419 loqui,
415 3335 552 3415 credere,
575 3348 605 3398 et
617 3348 715 3399 totam
727 3338 806 3398 hanc
820 3331 1042 3410 dubitationem
1054 3329 1153 3417 negli-

105 3455 187 3515 gere.
231 3432 295 3496 Sed
310 3437 454 3519 quoniam
471 3437 505 3499 id
523 3441 625 3525 ipsum
649 3459 711 3498 non
733 3448 848 3498 certum
867 3446 928 3512 est,
951 3428 1153 3494 1111111111-

106 3537 254 3619 genianus
269 3536 419 3616 singulare
435 3561 511 3624 opus
527 3537 567 3602 de
583 3539 752 3625 proverbiis
772 3537 934 3622 scripserit,
957 3556 996 3596 an
1020 3534 1052 3596 in
1075 3533 1154 3596 lexi-

108 3661 166 3704 con
178 3661 269 3703 suum
282 3642 443 3726 proverbia
462 3643 623 3729 receperit,
646 3661 686 3701 ex
708 3660 768 3724 quo
789 3640 892 3702 nescio
912 3636 978 3722 quis
998 3657 1034 3698 ea
1049 3657 1154 3700 excer-

107 3747 182 3830 psit:
207 3747 259 3807 etr.
273 3741 390 3808 Fabric.
411 3743 492 3808 Bibl.
511 3741 563 3808 Gr.
584 3742 646 3822 IV,
669 3764 694 3804 c.
708 3741 777 3820 IX,
798 3739 825 3824 ξ.
847 3739 895 3804 IV
895 3764 922 3804 .ι
945 3749 1083 3802 nostrum
1099 3751 1154 3822 est,

109 3831 144 3909 ea
165 3868 300 3934 quoque,
324 3871 440 3934 quaee
463 3850 540 3912 libro
562 3847 601 3911 de
613 3845 782 3932 proverbiis
801 3844 1035 3932 perspiciuntur,
1057 3845 1156 3930 respi-

110 3972 185 4014 cere.
236 3948 430 4036 impugnavit
450 3965 553 4016 autem
574 3971 650 4038 quae
673 3947 784 4012 Suidas
807 3947 846 4012 de
866 3947 1154 4036 paroemiographis,

110 4053 249 4117 Zenobio
262 4065 294 4115 et
308 4052 512 4136 Diogeniano,
524 4055 656 4140 protulit,
682 4075 774 4138 quem
786 4049 947 4139 utrumque
959 4049 998 4114 ad
1012 4047 1158 4112 Hadriani

111 4169 241 4222 11111111
252 4159 380 4239 rettulit,
401 4158 510 4224 Sarius
531 4158 579 4220 his
601 4157 703 4222 verbis
724 4155 813 4236 „Sed
830 4177 927 4240 quum
945 4165 1071 4236 uterque
1084 4171 1158 4242 pro·
