2918 4806
487 1075 1064 1212 CO'RRIGENDA.

330 1525 355 1576 p.
380 1509 404 1559 2.
437 1505 454 1555 l.
479 1507 504 1557 2.
547 1521 595 1573 pro
621 1507 690 1576 Aug.
716 1506 776 1572 lege
799 1501 849 1556 tut.
885 1529 919 1538 -—
948 1495 982 1566 ’μ
1006 1497 1032 1548 8.
1054 1491 1071 1544 Ι.
1093 1489 1136 1545 24.
1176 1506 1223 1557 pro
1253 1488 1303 1538 At-

259 1591 325 1645 tertt‘
360 1590 413 1658 [ες.
442 1593 574 1656 Attente,
602 1602 631 1645 ut
654 1610 680 1661 p.
706 1581 750 1646 25.
779 1590 796 1642 Ι.
822 1581 874 1650 45;
896 1585 939 1640 96.
972 1584 988 1638 Ι.
1010 1579 1069 1644 90;’
1095 1581 1140 1633 tt.
1171 1583 1223 1628 not.
1256 1576 1302 1626 21.

260 1677 293 1738 Ι.
313 1677 339 1729 ἳ·
372 1706 407 1716 -
438 1693 464 1746 p-
497 1682 537 1733 12.
563 1680 581 1736 1.
607 1677 633 1733 4.
671 1695 718 1747 pro
733 1682 736 1688 '
752 1676 837 1742 fuerit
865 1671 915 1741 leg.
940 1672 1036 1738 suisset
1070 1696 1105 1705 —
1149 1683 1175 1734 p.
1209 1661 1252 1716 20.
1286 1660 1305 1712 Ι.

260 1767 303 1818 tt.
340 1781 387 1833 pro
410 1766 533 1832 promitto
556 1767 606 1834 leg.
622 1764 746 1832 promisso
774 1787 805 1810 -·.
837 1745 1306 1830 p.t·1.1.t.postproxttnqexci-

261 1851 300 1903 dit
317 1852 369 1913 ad3
405 1868 452 1919 pro
472 1852 577 1904 Ernesti
593 1851 786 1918 legumentum
803 1876 836 1886 -
854 1864 879 1915 p.
898 1847 941 1900 23.
958 1847 1012 1896 not.
1031 1845 1055 1896 8.
1074 1855 1121 1908 pro
1139 1831 1307 1904 'camttgffitur

261 1939 312 2006 leg.
331 1939 475 2006 ambigitur
492 1943 519 1988 et
537 1953 584 2005 pro
602 1937 658 1988 iure
674 1953 736 2002 tuo,
754 1933 852 1987 iniuria
873 1963 902 1971 -
922 1949 948 2000 p.
966 1929 1008 1982 94.
1027 1927 1044 1979 l.
1065 1929 1102 1980 16.
1122 1941 1168 1993 pro
1184 1913 1306 1990 ἒχὸυσαν

260 2027 303 2092 leg
331 2021 448 2092 ἐχούσας
479 2054 514 2063 -
546 2025 632 2091 ΜΒ.
652 2023 669 2074 l.
688 2025 715 2076 9.
741 2021 973 2090 ρῐοσπανίων
999 2016 1049 2082 leg.
1076 2011 1249 2068 σπανίως.
1268 2037 1306 2045 -
1456 2045 1457 2056 .

149 2119 153 2124 ’
261 2110 300 2163 Ib.
317 2111 333 2162 l.
351 2113 394 2164 29.
419 2113 470 2162 duo
488 2108 596 2160 eiiciend
626 2116 674 2160 est.
705 2138 739 2146 —
769 2125 793 2175 p.
812 2109 855 2159 27.
875 2112 928 2158 not.
947 2107 995 2166 20,
1014 2101 1057 2152 lin.
1078 2097 1123 2150 ult.
1143 2113 1191 2166 pro
1209 2095 1307 2162 attigit
1416 2107 1423 2123 ⁸
1456 2105 1457 2122 ¹

261 2194 311 2261 leg.
329 2197 474 2245 nominavit
505 2222 539 2230 —
575 2210 600 2260 p.
620 2195 664 2245 28.
682 2202 736 2244 not.
754 2194 797 2246 25.
815 2191 858 2246 lin.
877 2189 900 2242 4.
919 2189 1018 2256 signum
1036 2181 1237 2253 importunum)
1256 2181 1324 2231 de·'

262 2279 362 2330 lendum
381 2286 421 2330 est
439 2288 499 2348 post
511 2283 611 2344 fateor.
635 2307 668 2315 —
686 2278 721 2330 ib.
739 2285 793 2329 not.
811 2279 853 2331 27.
873 2277 890 2328 l.
909 2279 933 2328 6.
961 2275 1021 2340 lege
1039 2277 1128 2324 κεῖται
1146 2286 1193 2337 pro
1215 2269 1307 2320 κεῖται
1352 2257 1357 2264 ’

262 2393 294 2402 -
314 2383 340 2434 p·
358 2362 400 2420 34.
419 2366 436 2416 l.
454 2367 478 2418 7.
503 2383 551 2416 sua
570 2363 722 2416 eliciendum
740 2371 788 2414 est.
818 2392 853 2400 —
884 2356 1307 2429 p.36.l.1.leg.set⁰ttastam

263 2480 294 2489 -
321 2468 347 2518 p.
367 2449 409 2502 41.
428 2451 444 2503 Ι.
465 2455 487 2504 1.
513 2459 596 2504 totum
613 2449 664 2500 det.
690 2481 722 2488 —
751 2467 774 2518 p.
796 2447 873 2502 421.
892 2451 934 2502 21.
962 2452 1021 2515 post
1041 2450 1181 2512 praeterea
1205 2439 1310 2493 excidit

261 2557 342 2604 „usus
360 2546 417 2592 ων*
434 2570 468 2578 -
486 2557 512 2608 p.
525 2541 567 2593 60.
586 2540 602 2590 l.
622 2538 646 2591 5.
665 2538 724 2606 lege
741 2544 850 2589 vocarat
867 2565 899 2575 -
918 2551 943 2602 p.
958 2532 1000 2586 66.
1018 2531 1036 2582 l.
1058 2533 1099 2585 12.
1114 2529 1236 2596 persuasi
1247 2527 1309 2584 Adel.

157 2655 161 2662 -
263 2634 290 2678 et
307 2627 322 2677 Ι.
346 2630 384 2682 13.
403 2633 464 2694 post
481 2624 534 2677 &sse
551 2625 618 2677 adde
635 2625 736 2692 opinati
753 2653 786 2660 —
804 2639 830 2689 p.
848 2623 892 2674 79.
912 2620 928 2672 l.
949 2620 988 2674 15.
1007 2634 1037 2668 es
1052 2621 1113 2667 ante
1129 2631 1228 2683 magno
1245 2613 1309 2668 add.

264 2736 289 2785 p.
309 2716 367 2768 128.
386 2717 401 2768 Ι.
419 2718 456 2766 11.
473 2709 597 2780 εὑρήσεις
613 2728 659 2780 pro
673 2705 799 2776 εὸρήσιιν
818 2714 845 2760 et
862 2704 984 2758 nonnulla
1002 2701 1061 2756 alia.
