2894 4816
90 515 148 584 rat,
173 509 225 568 cfr.
240 527 271 592 p.
288 504 359 570 402.
375 503 423 567 ed.
436 504 543 569 Franz.
575 504 621 567 At
634 519 737 569 noster
749 508 929 590 Hesychius,
942 519 977 570 ut
991 529 1143 588 granuua-
1180 497 1182 512 '

90 609 228 684 ticorurn,
237 609 389 693 permulti,
405 607 566 670 discrimen
579 608 662 694 quod
677 622 722 672 est
735 611 812 673 inter
825 608 969 694 γλώττας
984 623 1014 673 et
1035 608 1142 690 λέξεις,

90 711 135 772 ibi
158 731 176 771 a
196 707 314 772 Galeno
339 712 513 796 exposittun
531 712 717 792 negligebat,
741 725 772 773 et
797 715 838 774 ita
861 736 969 776 omnes
992 709 1142 796 γλώσσας

92 813 234 876 omnium
249 814 300 876 vel
320 808 378 888 τοὶς
400 810 599 896 ζητουμένοις
619 810 718 889 λέξεις
739 813 967 894 Diogenianum
989 817 1142 901 conquisi-

91 915 174 992 vissc
187 913 343 978 enarratit.
387 914 452 977 Sed
470 917 512 978 ita
535 937 656 1001 quoque
675 915 794 979 ridetur
811 928 841 977 et
856 915 970 980 Suidae
986 931 1016 980 et
1029 918 1140 980 Photio

91 1014 254 1090 adversari.

177 1119 380 1183 Rulrnkenius
391 1133 495 1183 tamen
509 1122 700 1204 Hesychiurn
720 1122 775 1185 ivit
793 1122 963 1185 defensum.
1007 1121 1144 1201 „Recte‘i

92 1220 132 1280 ait
154 1221 347 1303 „Hesychius
362 1223 451 1300 dixit,
474 1222 701 1304 Diogenianum
717 1226 816 1287 omnis
838 1226 954 1304 generis
968 1245 1061 1287 voces
1077 1228 1141 1286 col-

92 1324 218 1404 legisse,
239 1338 319 1388 recte
333 1326 475 1404 Photius,
498 1326 632 1390 eundem
654 1329 774 1390 lexicon
792 1328 947 1414 politicum
961 1329 1138 1391 confecisse.

91 1423 215 1488 Etenim
240 1449 279 1490 ex
298 1428 470 1510 Hesychio,
498 1428 613 1508 idest,
645 1453 684 1492 ex
704 1432 772 1516 ipso
797 1428 990 1510 Diogeniano
1014 1442 1139 1515 constat,

91 1528 241 1590 maiorem
269 1551 286 1591 a
311 1529 505 1612 Diogeniano
535 1533 685 1595 rationem
707 1534 843 1596 habitam
870 1554 937 1596 esse
967 1531 1137 1617 poetarum,

92 1650 188 1714 quam·
205 1633 258 1714 qui
275 1637 374 1696 soluta
393 1635 530 1697 oratione
548 1637 749 1721 scripserunt“
772 1647 838 1696 cett.
888 1634 996 1720 Neque
1016 1635 1052 1696 id
1072 1635 1139 1697 iure

90 1731 196 1811 negari
214 1747 337 1818 potest,
369 1736 432 1799 Sed
452 1737 642 1817 Hesychium
662 1761 725 1799 non
749 1747 885 1798 accurate
906 1759 972 1800 esse
991 1739 1139 1818 locutum.

92 1847 122 1895 et
140 1836 233 1897 nimis
255 1842 415 1919 magnifica
436 1840 527 1902 laude
540 1838 728 1920 Diogeuiani.
745 1839 857 1900 librum
873 1860 1050 1917 exornasse,
1073 1862 1138 1901 non

90 1938 193 1999 minus
214 1959 322 2003 verum
345 1956 399 2006 est.
445 1941 523 2021 (luis
545 1944 628 2014 enim
652 1963 690 2002 ex
710 1941 858 2022 Hesychii
875 1942 976 2003 verbis
997 1942 1140 2022 colligere

90 2041 252 2124 potuisset,
275 2065 338 2104 non
351 2045 417 2128 pari
435 2045 536 2107 studio
562 2067 629 2108 esse
645 2045 747 2106 onmia
760 2055 896 2120 tractata,
919 2043 975 2106 sed
989 2065 1025 2105 ea
1036 2045 1140 2105 maxi-¹

91 2163 159 2219 mo,
183 2164 261 2227 quae
276 2145 315 2206 ad
335 2147 443 2231 politas
455 2149 627 2234 pertinent?
650 2147 859 2228 Diogenianus
881 2147 972 2225 igitur
988 2145 1073 2206 idem
1088 2149 1136 2232 fe-¹

92 2247 167 2308 cisse
178 2247 331 2331 putandus
351 2261 412 2327 est,
436 2247 518 2334 quod
539 2248 578 2312 de
595 2272 629 2312 se
646 2251 715 2335 ipso
733 2248 887 2334 praedicat
902 2250 935 2311 in
947 2271 1004 2311 suo
1025 2269 1137 2328 genere

91 2348 226 2413 Photius.
267 2350 306 2414 <Is
327 2352 410 2414 enim
432 2374 527 2436 quum
547 2347 669 2413 lexicon
689 2363 907 2436 comparasset,
938 2373 998 2436 quo
1019 2353 1140 2414 solutae-

92 2453 235 2517 orationis
247 2454 406 2538 scriptores
425 2455 658 2538 explicarentur,
685 2474 702 2513 a
721 2452 848 2536 poiiticis
871 2475 986 2515 senon
1008 2452 1137 2514 omnino

91 2554 270 2617 abstinuisse
286 2556 445 2618 confitetur
465 2552 564 2636 „oaldi
585 2557 653 2618 τοῖν
671 2555 855 2635 ποιητικῶν
872 2556 1038 2632 παντελῶς
1056 2548 1136 2615 ἀπο-

91 2650 185 2731 στάς·
215 2651 302 2721 ἐπεὶ
323 2653 373 2742 μή
398 2651 432 2721 d'
455 2651 722 2732 devoratrices
745 2650 1025 2739 σννοιλόχασι,
1054 2655 1136 2718 τῶν

91 2754 364 2842 ἁρμοζόντων
392 2762 439 2846 τῇ
464 2757 593 2844 χωρὶς
622 2757 778 2842 μέτρον
806 2756 957 2843 φράσει
984 2777 1134 2822 παντε-

90 2865 172 2938 λοῦς
194 2856 245 2926 ἀπ
254 2857 268 2926 i
277 2878 433 2944 οχοντο.
442 2867 460 2896 “
483 2863 666 2950 Quicunque
678 2875 783 2925 autem·
792 2861 894 2925 Photii
907 2873 938 2923 et
950 2859 1135 2940 Diogeniani

89 2965 185 3028 libros
198 2967 361 3042 accuratius
375 2964 509 3052 inspicit,
531 2991 596 3030 non
606 2979 708 3054 potest
720 2967 779 3029 nisi
791 2967 881 3028 huius
895 2965 967 3028 dicti
977 2964 1134 3027 veritatem
1157 2997 1165 3012 ·

89 3066 210 3130 sentire.
255 3063 342 3128 Bene
354 3066 443 3146 igitur
457 3081 557 3130 actum
570 3083 705 3146 estcum
718 3071 828 3132 nostris
847 3069 1037 3154 antiquarum
1053 3068 1134 3128 litte-

91 3191 191 3232 rartun
203 3168 317 3247 studiis,
340 3171 485 3256 quoniam
499 3171 559 3232 duo
567 3174 656 3235 nobis
671 3184 788 3235 servata
801 3183 870 3237 sunt
883 3173 988 3249 lexica,
1004 3189 1135 3255 quorum

91 3277 219 3338 alterum
231 3272 407 3359 politanun,
434 3276 562 3336 altemm
580 3261 766 3358 pedestrium
783 3277 965 3362 scriptorum
984 3270 1135 3333 vocabula

93 3374 269 3448 difficiliora]
283 3378 433 3461 explanat.
469 3375 634 3438 Schowius
648 3388 759 3454 autem,
782 3377 833 3461 qui
848 3397 886 3438 ex
893 3368 1134 3437 Photianilexici

93 3478 225 3541 editione
236 3478 270 3538 in
284 3499 375 3539 usum
388 3477 575 3557 Hesychiani
589 3497 700 3555 magna
721 3488 906 3562 speraverat,
929 3472 1050 3551 magnis
1064 3489 1134 3554 par-

92 3584 170 3644 tibus
185 3581 317 3642 fallitur:
337 3599 509 3664 quanquam
527 3579 714 3662 aliquatenus
734 3577 767 3639 id
787 3599 895 3641 rerum
913 3598 996 3652 esse,
1017 3573 1080 3634 iam
1097 3593 1134 3634 ex

92 3685 157 3770 ipsa
178 3681 339 3746 Albertina
360 3680 508 3763 Hesychii
529 3677 663 3742 editione
685 3680 872 3766 perspicitur.
926 3677 963 3740 ln
984 3677 1046 3738 fine
1069 3696 1132 3736 non

93 3809 218 3874 possum
232 3788 304 3872 quin
316 3785 492 3850 Ruhnkenii
505 3805 638 3846 errorem
650 3793 765 3860 notem,
786 3801 879 3867 quem
889 3780 922 3842 in
939 3775 1134 3840 defendendo

93 3891 247 3974 Hesychio
284 3889 414 3964 admisit.
477 3887 680 3973 Posteaquam
716 3887 799 3949 enim
830 3881 989 3970 poitarum
1023 3901 1134 3962 genera

95 3996 195 4056 omnia
223 3993 408 4079 percensuit,
434 3993 591 4075 multaque
614 3989 803 4069 singulorum
829 3987 953 4051 nomina
976 4001 1136 4046 enumera-

95 4095 152 4161 rit:
172 4096 214 4158 ita
237 4093 334 4180 pergit
355 4093 484 4178 „quibus
506 4092 652 4156 omnibus
671 4095 722 4158 vel
743 4091 810 4178 ipse
835 4089 1062 4174 Diogenianus
1087 4082 1138 4144 vel

803 4183 814 4208 Ο
