2894 4816
320 985 915 1186 rnrnrnrro
996 1075 999 1078 ·

95 1379 251 1482 Trecenti
274 1425 305 1478 et
324 1413 461 1480 sedecim
481 1418 554 1482 anni
573 1418 803 1506 praeterierint,
825 1434 865 1478 ex
876 1435 936 1500 quo
955 1411 1056 1478 Aldus
1069 1413 1138 1480 Μει-
1194 1499 1197 1504 Γ

94 1515 194 1577 nutius
207 1537 349 1596 graectun
363 1517 499 1599 lexicon,
522 1523 574 1602 cui¹
584 1521 733 1603 Hesychii
752 1517 939 1601 grammatici
953 1515 1138 1580 Alexandri-

94 1616 255 1680 unomen
275 1619 452 1706 necepsus
466 1605 588 1704 regne,
610 1623 795 1702 essessa,
817 1621 926 1706 quibus
941 1620 1075 1682 obsitum
1091 1621 1138 1682 a.

96 1729 209 1798 cuerat,
245 1719 277 1781 in
302 1725 404 1784 lucem
431 1725 580 1788 evocavit.
630 1723 773 1791 Debebat
791 1721 867 1785 illud
891 1721 1000 1784 loanni
1023 1720 1137 1786 Iacobo

94 1816 278 1886 Bardellono
289 1811 475 1903 Mantuano,
497 1824 549 1909 qui
562 1822 700 1887 codicem
711 1814 803 1909 qu'em
815 1822 1007 1910 possidebat,
1028 1845 1138 1886 manu-

92 1923 249 2008 scriptum,
271 1935 305 1984 ut
324 1925 405 2009 typis
424 1946 517 2010 quam
533 1925 667 2012 primum
680 1913 889 2004 excuderetur,
909 1945 973 1986 non
990 1924 1056 1988 sine
1071 1927 1137 1988 lau-

94 2022 187 2088 dabili
207 2025 543 2092 liberalitateVenetias
562 2029 696 2095 miserat.
737 2025 787 2089 Ex
802 2047 848 2090 eo
865 2037 1004 2112 tempore
1024 2027 1101 2094 liber
1117 2047 1137 2088 s
1224 2033 1228 2040 '

92 2125 199 2189 Marco
216 2127 343 2190 lllusuro
362 2130 534 2210 recognitus
552 2121 793 2214 emendatusque
810 2139 841 2190 et
860 2129 899 2192 ab
918 2125 1005 2190 Aldo
1027 2125 1136 2206 ediurs,
1168 2149 1173 2156 ·

91 2225 125 2289 id
138 2227 221 2313 quod
240 2230 285 2292 illi
304 2229 531 2316 praeviderant,
555 2230 621 2311 (cfr.
640 2229 718 2295 Aldi
732 2229 772 2293 ad
785 2227 1005 2294 Bardellonum
1021 2229 1137 2315 episto-

91 2331 121 2391 la
138 2329 335 2410 Hesychiano
358 2332 645 2418 lexico-praemissa
672 2344 702 2396 et
726 2328 917 2396 ebAlberto
934 2331 968 2392 in
990 2330 1136 2417 adparatu

90 2431 288 2514 Hesychiano
301 2433 448 2519 repetita)
468 2433 502 2496 in
513 2438 598 2498 nullo
612 2435 672 2497 alio
691 2433 797 2518 codice
810 2443 944 2518 repertus
958 2444 1030 2500 est·
1056 2429 1136 2511 Qui-

92 2556 209 2619 cunque
224 2535 307 2598 enim
322 2534 362 2598 ad
375 2547 510 2598 nostram
522 2557 618 2620 usque
633 2547 764 2599 aetatem
775 2557 865 2621 spem
878 2537 1027 2613 aluerant,
1049 2555 1136 2596 eam-

91 2657 149 2721 que
163 2636 284 2722 publice
305 2637 435 2724 professi
454 2638 489 2710 in
504 2637 634 2700 aliorum
655 2639 765 2702 animis
777 2638 998 2700 excitaverantr
1019 2638 1086 2705 fore
1102 2645 1136 2697 ut

90 2738 166 2802 novi
185 2735 341 2822 prodirent
360 2739 497 2820 codices,
519 2752 550 2803 et
567 2740 742 2808 adiumenta
757 2742 796 2802 ab
804 2738 955 2802 ‘omnibus
965 2733 1135 2802 vehemen-

89 2850 134 2903 ter
155 2838 324 2906 desiderata
342 2842 501 2906 afferrent:
522 2842 674 2908 iiomrres
694 2845 803 2906 frustra
813 2840 915 2924 'gavisi
928 2840 1135 2906 essetecum-

90 2965 149 3027 que
174 2943 338 3006 hominum
367 2944 626 3028 exspectationem
649 2943 795 3006 fefellisse
813 2942 963 3008 videntur.
1011 2937 1057 3002 Ite
1079 2959 1134 3000 ex-

89 3055 171 3106 stant
186 3043 297 3108 codicis
312 3045 453 3125 vestigia,
476 3047 528 3131 qui
546 3049 668 3111 saeculo
686 3045 817 3130 septimo
838 3043 959 3110 decimo
976 3040 1010 3104 in
1022 3038 1135 3104 biblio-

88 3147 179 3210 theca
190 3146 332 3210 llledicea
345 3145 516 3225 Florentiae
529 3162 666 3214 servatus
683 3149 757 3227 fuit,
778 3169 858 3210 nunc
872 3156 975 3212 autem
989 3151 1135 3228 quantum

89 3250 202 3314 scimus
222 3249 350 3312 amissus
370 3259 431 3328 est,
461 3253 514 3314 cfr.
536 3249 634 3316 Alter.
649 3253 691 3319 ,in
703 3249 840 3330 Allgem.
852 3249 973 3318 litterar.
991 3241 1073 3307 ΑΜ.
1087 3260 1133 3306 nr.

88 3355 140 3415 27.
166 3355 258 3429 1796,
279 3371 309 3435 p.
331 3354 404 3414 292.
426 3371 490 3435 seq.
509 3361 540 3414 et
556 3350 661 3418 Eberti
680 3352 882 3436 bibliograph.
903 3347 1039 3412 Lexicon
1056 3365 1082 3406 s.
1102 3362 1133 3406 v.

87 3452 273 3532 Hesychius.
314 3448 596 3517 Deindertlberus
610 3457 718 3532 refert,
739 3474 775 3516 se
788 3455 827 3514 ab
843 3450 968 3512 Thoma
978 3444 1134 3522 Brunone‚

88 3549 338 3636 Wiodesoriensi
353 3549 525 3632 canonico,
543 3554 577 3616 in
594 3553 774 3618 adversariis
790 3551 867 3615 Mss.
880 3549 1004 3612 citatum
1018 3543 1134 3610 vidisse

89 3653 280 3738 Hesychium
292 3648 357 3714 eius
369 3649 501 3732 Mutum,
523 3653 579 3716 sed
593 3655 756 3718 nihilultre
768 3649 964 3733 cognovisse,
985 3649 1080 3734 praef.
1093 3643 1134 3708 ad

90 3759 226 3841 Hesych.
243 3753 431 3840 s.1v.§.·1.
475 3751 565 3834 Quae
584 3766 689 3820 autem
705 3776 802 3840 nuper
821 3753 948 3816 demum
963 3749 1003 3814 de
1019 3746 1133 3812 codici-

90 3863 145 3927 bus
159 3858 235 3922 olim
255 3856 640 3944 Constantinopoli-lectis,
660 3858 738 3920 inter
758 3877 834 3942 quos
846 3853 994 3937 Hesychii
1012 3851 1134 3916 lexicon

91 3964 278 4041 nominatur,
305 3961 442 4042 Paullus,
469 3961 633 4042 theologus
658 3957 884 4036 celeberrimus,
912 3953 1075 4020 disseruits
1096 3968 1133 4011 ea

92 4065 214 4151 quidem
226 4063 359 4144 nemini,
381 4073 414 4128 ut
430 4063 540 4150 opinor
555 4103 593 4114 --
607 4075 672 4128 tarn
684 4064 797 4126 incerta
810 4071 882 4126 sunt
894 4057 998 4123 omnia
1010 4091 1048 4102 -
1064 4069 1132 4116 mtt-

904 4163 923 4224 l
