2894 4816
1007 317 1165 432 Ι41

126 515 168 607 ll,
191 533 268 594 1031
284 551 366 615 seqq.
389 549 451 590 non
465 531 566 592 solum
580 535 679 624 totum
695 527 872 612 Etymologi
891 534 994 595 locum
1007 537 1167 622 explicavit

127 632 332 710 sagacissime,
353 629 410 692 sed
423 629 540 692 addidit
552 632 660 710 etiam,
683 654 761 717 (puae
778 635 857 694 hanc
877 633 1084 700 difficultatem
1097 641 1166 703 rin-

128 753 192 794 cere
203 731 352 796 ridentur.
396 731 454 794 Ait
472 733 555 795 enim
576 734 664 812 „Hoc
676 737 803 798 fortasse
820 739 948 821 pertinet
959 738 998 800 ad
1009 741 1095 804 illum
1106 743 1165 806 Se-

127 833 267 896 linu'sium
299 839 459 914 lenonem,
502 836 565 920 qui¹
580 835 666 898 dives
695 839 792 899 lactus
822 840 998 908 τελευτῶν,
1015 841 1056 906 τὰ
1085 837 1167 909 ὄντα

127 931 316 1020 προῦθηκεν
337 935 383 1011 εἰς
402 930 565 1020 ἁρπαγήν.
610 936 698 1000 Unde
715 950 822 1001 natum
841 943 1037 1025 proverbium
1053 938 1167 1036 ‘Apum

127 1030 169 1119 yet
192 1031 232 1101 τὰ
257 1034 432 1120 Κιννοὶρον
446 1040 564 1117 Ζοοοο.
577 1037 607 1119 l,
630 1044 680 1103 31.
735 1039 801 1103 lam
829 1043 856 1105 si
874 1043 1064 1125 Hesychium
1095 1069 1168 1112 con.

127 1141 265 1220 ferimus,
288 1142 368 1228 apud
382 1144 486 1228 ipsum
495 1163 520 1205 s.
539 1163 569 1205 v.
585 1136 732 1226 ‘Apnoyd
751 1140 792 1206 cd
814 1141 987 1224 vadpov
1000 1149 1109 1214 eadem
1120 1153 1168 1228 in-

127 1245 295 1308 venimus.“
318 1283 358 1292 -
379 1267 410 1330 p.
428 1249 505 1323 296,
526 1242 577 1308 42.
596 1265 621 1306 s.
639 1254 673 1308 v:
690 1241 779 1328 εἰδῇς
801 1244 966 1331 disputatur
998 1251 1037 1313 de
1060 1257 1168 1320 formis

127 1347 309 1410 coniunctivi
328 1345 420 1423 εἰδῶ,
440 1347 523 1408 cuius
544 1345 753 1431 disputationis
763 1351 880 1410 nullum
892 1351 1012 1414 ostendi
1023 1368 1124 1440 potest
1136 1360 1169 1420 in

127 1448 321 1529 Hesycliiano
345 1449 443 1510 lexico
461 1449 640 1540 vestigium,
662 1471 722 1534 quo
742 1449 782 1512 dc
800 1463 907 1536 postea
925 1456 1059 1539 pluribus
1080 1480 1169 1538 agere

128 1550 271 1629 cogimur.
295 1589 334 1598 -
361 1573 391 1636 p.
408 1545 476 1630 143}
493 1549 522 1613 4.
537 1573 562 1614 s.
574 1574 604 1615 v.
626 1544 833 1632 Ἀρίστυλλος
854 1549 1170 1642 ,,ὅνομαπαράἏρι-
1267 1579 1268 1582 ’

128 1647 285 1732 στοφάνει
312 1686 355 1700 --
382 1649 544 1735 Διογένης
563 1646 635 1716 ἀντὶ
663 1655 724 1718 τοῦ
752 1651 905 1736 ἄριστοςιι
933 1659 1067 1741 Hesych.
1087 1662 1116 1743 Ι,
1139 1645 1194 1750 μ’
1262 1653 1265 1663 ¹

128 1754 200 1818 535.
212 1757 336 1818 nonnisi
358 1747 604 1834 „³Aplo'wlioc·
628 1749 766 1838 ὅνομα.“
789 1795 828 1805 -
851 1765 967 1844 p.101,
986 1766 1013 1824 1.
1035 1757 1171 1840 ,,”Αναν-

129 1877 203 1935 ρος,
225 1851 291 1934 ὁέξ
305 1853 413 1922 dccciv
424 1851 662 1940 συνιστάμενος
687 1855 834 1941 ποταμὸς
854 1856 945 1941 νεαροὶ
966 1859 1003 1924 τὸ
1028 1860 1072 1948 μὴ
1090 1862 1172 1948 ἔχειν

129 1953 249 2038 αὔρας·
282 1959 316 2022 oi
333 1955 526 2044 χειμαρῥοὶ,
552 1954 711 2042 διώρυχες
729 1956 785 2024 καὶ
809 1953 924 2042 ὀχετοὶ.
946 1965 1065 2046 Διογ.“
1107 1969 1172 2030 He-

128 2064 205 2143 sych
233 2061 264 2141 Ι,
286 2085 317 2148 p.
338 2061 410 2126 346.
433 2056 566 2143 „tropa
588 2063 743 2144 ποταμοῦ
762 2061 873 2125 deinde
892 2059 1067 2146 οἷναύοοις·
1100 2067 1175 2154 dizo

129 2159 256 2246 ἀνέμου
265 2166 283 2196 “
303 2165 381 2226 nihil
400 2176 564 2249 praeterea.
581 2203 632 2223 .-
658 2163 806 2244 108,·24.
830 2158 1019 2250 ,,ἆνη’νοροι,
1056 2165 1173 2250 ἄνουν,

130 2261 313 2343 ἀδύνατον,
338 2262 464 2342 δειλόν,
486 2251 640 2342 ἄτεκνον,
662 2261 706 2330 οὐ
718 2270 886 2349 γεννῶντα
899 2265 1088 2355 Διογένης.“
1109 2276 1174 2338 He-

129 2371 215 2452 sych.
231 2368 255 2448 1,
270 2373 341 2434 376.
365 2362 551 2451 ,,οι’νηὀορα·
575 2363 759 2433 ἀδύνατον·
782 2366 969 2452 ἄνανδρον“
992 2411 1030 2422 -
1057 2399 1088 2462 p.
1105 2383 1179 2456 1105

130 2477 181 2536 32.
212 2466 427 2553 ,,ἅνίοχαλον·
463 2465 603 2548 ἄτοκον,
636 2465 900 2554 ἥᾶνήμελκτον·
939 2467 1176 2560 ἢᾶθὴλαστον.

80 2649 83 2654 Ι
130 2575 247 2656 Λιογ.“
290 2573 405 2635 Totum
415 2575 601 2636 vocabulum
622 2594 678 2656 suo
690 2575 760 2634 loco
774 2577 838 2636 non'
857 2576 1009 2638 invenitur
1027 2579 1060 2639 in
1073 2580 1176 2661 Hesy-

93 2746 98 2754 ,
131 2679 218 2756 chio,
247 2676 303 2740 sed
319 2677 506 2761 reperiuntur
524 2677 569 2738 rei
589 2677 732 2756 vestigia,
766 2674 806 2738 Π.
825 2699 856 2762 p.
878 2679 929 2740 80.
957 2676 1177 2761 ,,ἶσχαλεῦοαι,

64 2807 66 2811 ’
130 2774 296 2862 θηλάσνι“
316 2780 467 2865 imprimis
486 2791 603 2858 autem,
625 2777 664 2840 H.
683 2800 713 2863 p.
738 2781 829 2842 1328.
860 2779 1047 2860 ,,σχαλίοαι,
1076 2778 1179 2866 eptat-

132 2896 188 2946 σαι
211 2877 268 2946 καὶ
287 2874 523 2963 delegatione&
548 2875 671 2944 ἄτοκον
689 2877 746 2944 καὶ
767 2873 983 2964 οἲθήλαστονι
1005 2886 1059 2947 ubi
1077 2887 1180 2948 conscr

131 2983 329 3070 interpretes3
352 2986 403 3070 qui
414 2987 483 3047 loco
495 2987 612 3047 litterae
623 2983 643 3047 λ’
653 2995 733 3046 recte
744 2983 789 3047 ibi
805 2984 824 3049 6
836 2998 998 3072 reponunt.

218 3087 377 3160 Praeterea
400 3086 549 3168 Diogenis
567 3107 683 3148 nomen
701 3088 753 3149 vel
769 3079 957 3170 Diogeniani
973 3091 1006 3152 in
1020 3088 1182 3174 Etymolo-

133 3191 202 3270 giro
223 3189 339 3269 lllagno
360 3191 502 3276 nuspiam
518 3191 640 3269 legitur,
669 3200 813 3274 quantum
833 3191 975 3277 equidem
995 3193 1074 3275 scio;
1102 3195 1183 3256 mul-

74 3289 80 3294 ’
131 3304 202 3355 tum
220 3303 325 3353 tamen
338 3294 438 3370 abest,
460 3291 534 3352 utin
547 3290 760 3373 Etymologico
777 3295 853 3356 nihil
865 3307 1019 3380 practerea
1032 3317 1099 3357 esse
1112 3316 1183 3354 cen-

134 3415 275 3486 seam-ex
289 3395 353 3456 eius
367 3394 465 3455 lexico
479 3395 637 3472 haustum,
659 3395 766 3478 quibus
782 3397 911 3458 auctoris
924 3416 1039 3458 nornen
1050 3416 1112 3454 non
1128 3415 1183 3478 ap-

135 3498 275 3584 positum
293 3508 354 3568 est,
382 3507 416 3556 ut
433 3487 528 3558 sciam
545 3499 662 3582 potius,
693 3498 823 3582 plurima
844 3497 889 3558 ibi
908 3497 1017 3580 scripta
1037 3491 1077 3554 ad
1104 3495 1185 3554 hunc

137 3611 296 3662 auctorem
319 3599 423 3660 referri
440 3596 561 3660 debere.
614 3597 660 3660 Ita
688 3599 833 3684 quoniam
853 3596 892 3659 de
909 3618 988 3660 voce
1009 3588 1186 3678 οἶνίσχαλον

141 3700 342 3765 commodum
352 3705 470 3764 locutus
490 3723 574 3780 sum,
596 3701 721 3784 afferam
740 3698 823 3783 quod
835 3697 1038 3762 Schneiderus
1051 3699 1084 3760 in
1096 3699 1188 3761 Lexi-

142 3826 179 3866 co
194 3825 267 3882 suo,
289 3804 344 3865 ubi
362 3795 401 3865 de
417 3805 468 3866 illa
488 3825 566 3868 voce
582 3805 656 3883 agit,
678 3801 717 3864 de
733 3797 897 3877 οἰνίψαλον
916 3802 1043 3866 notavit.
1086 3801 1187 3881 „Der-

142 3910 229 3970 selbe
247 3909 302 3968 hat
322 3898 481 3982 οένίψαλος
504 3943 543 3952 -
566 3904 629 3967 und
652 3895 768 3967 erkliirt
782 3925 815 3966 es
832 3897 978 3987 ἀβλαβὴς
984 3951 994 3984 ,
1022 3915 1097 3968 setzt
1117 3907 1190 3966 aber

143 4009 257 4071 hinzu“
281 4005 314 4072 ol
338 4005 373 4072 di
394 4002 526 4091 ἡλικίαν
547 4004 655 4086 τάξιν,
686 4027 809 4071 woraus
827 4007 966 4087 erhellet‚
998 3998 1189 4088 dess'Hesy-

148 4113 234 4176 chius
257 4111 393 4176 diesclbe
411 4109 504 4176 Stelle
521 4133 578 4177 tor
597 4111 710 4192 Augen
730 4113 829 4190 hatte,
851 4131 905 4174 wo
927 4131 959 4171 cr
971 4120 1051 4189 sagi:
1075 4100 1190 4183 οἰνίψα-
