2894 4816
290 359 334 422 48

376 527 462 589 llaec
483 521 780 606 habui'Diogeniani
800 526 985 605 fragmenta,
1008 541 1086 610 qtae
1107 543 1177 587 cum
1190 523 1347 607 Hesychii

295 627 381 692 dictis
400 637 586 714 comparata,
607 640 707 690 utrum
723 649 831 692 verum
848 628 902 706 sit,
927 626 1009 712 quod
1022 629 1194 710 Hesychius
1206 626 1246 690 de
1259 627 1347 689 Dio-
1425 701 1426 704 Ἴ

296 733 416 814 geniani
427 733 525 795 lexico
539 749 636 794 ascse
648 741 769 815 recepto
786 729 917 809 dixerat,
945 750 1042 792 necne
1067 728 1186 792 docent.
1230 727 1347 809 Quan-

296 857 387 920 quam
400 845 502 896 autern
517 833 543 896 si
558 833 624 918 quis
637 854 742 894 meam
754 835 993 914 fragmentorum
1007 833 1127 918 copiam
1146 853 1216 894 cum
1227 829 1346 894 Ruhn-

295 937 424 1000 keniana
438 917 669 1021 comparaverit,
688 957 772 998 nunc
790 939 882 1016 longe
892 937 977 1021 plura
989 938 1113 998 collecta
1126 955 1193 998 esse
1205 933 1345 997 videbit:

295 1050 398 1102 tamen
409 1061 460 1101 me
476 1039 632 1118 collegisse
646 1037 764 1116 omnia,
784 1037 887 1124 ipsum
901 1059 953 1100 me
964 1039 1018 1101 vix
1030 1058 1149 1124 sperare
1163 1036 1232 1100 sinit
1244 1037 1345 1098 libro·
1426 1063 1427 1070 ¹

294 1165 362 1206 rum
376 1163 517 1204 meorum
528 1141 641 1226 inopia.
684 1139 790 1224 Neque
804 1139 938 1225 produxi.
946 1143 1073 1204 fortasse
1086 1161 1122 1202 ea
1134 1139 1246 1218 omnia,
1261 1157 1344 1223 quae

295 1246 373 1306 mihi
392 1245 501 1305 licebat
522 1261 560 1303 ex
574 1262 645 1303 mea
659 1244 843 1326 supellectile
863 1243 1048 1328 conquirere.
1093 1239 1343 1322 Quomodocun-

296 1369 355 1430 que
365 1345 398 1408 id
411 1356 469 1422 est,
490 1344 553 1406 iam
563 1344 674 1442 poterit
684 1341 830 1432 iudicium
843 1342 882 1406 de
894 1367 945 1424 re,
963 1365 1055 1431 quam
1069 1344 1232 1426 agitamus,
1256 1343 1344 1404 ferri.

383 1447 519 1510 Lexicon
530 1447 758 1527 Hesychianurn
770 1467 914 1528 magnam
930 1460 1049 1532 partem
1062 1447 1343 1527 Diogenianearum
1427 1463 1428 1478 ¹

112 1539 117 1558 ’
164 1575 199 1607 s
298 1554 465 1632 glossarum
484 1549 651 1627 continere,
679 1570 855 1611 nemo-non
872 1551 1026 1629 intelliget.
1049 1548 1173 1634 ltaque
1190 1569 1342 1634 quaeren-

298 1651 373 1712 dum
385 1651 475 1713 nobis
488 1661 547 1730 est,
569 1673 629 1738 quo
648 1650 744 1713 modo
762 1655 875 1714 sactum
886 1654 945 1732 sit,
966 1664 999 1714 ut
1016 1673 1080 1714 non
1099 1671 1208 1714 omnes
1220 1653 1343 1730 glossae

176 1781 181 1786 ·
297 1753 495 1838 reperiantur,
517 1753 600 1838 quod
612 1754 638 1816 si
655 1755 799 1839 epistolae
817 1755 943 1840 scriptor
959 1775 1032 1818 vera
1051 1753 1140 1833 dixit,
1162 1763 1342 1838 exspectan-

299 1853 374 1916 dum
399 1865 469 1916 erat.
521 1854 613 1920 Cuius
636 1858 680 1918 rei
706 1877 814 1919 causae
839 1855 976 1920 diversae
997 1859 1086 1919 facile
1105 1856 1341 1943 perspiciuntur3

298 1979 372 2044 quas
387 1958 559 2044 priusquam
578 1957 815 2043 perpendamus,
836 1961 970 2043 quaestio
991 1972 1091 2022 utrum
1109 1957 1160 2044 qui
1171 1955 1342 2036 Diogenia-

298 2083 375 2122 num
392 2061 567 2136 nominant,
595 2057 657 2121 fide
676 2058 760 2138 digni
777 2061 920 2124 homines
944 2063 1056 2124 fuerint
1074 2083 1113 2124 an
1131 2059 1263 2140 indigni,
1284 2081 1342 2122 eo-
1428 2065 1429 2084 ¹

298 2182 425 2244 rumque
437 2163 531 2224 verba
544 2181 561 2220 a
572 2161 699 2224 librariis
719 2173 870 2248 corrupta,
892 2184 931 2225 an
941 2164 1057 2245 inteffa
1072 2163 1112 2226 ad
1123 2185 1180 2226 nos
1193 2163 1341 2239 venerint,

299 2285 364 2325 non
380 2273 426 2325 est
443 2261 658 2325 obtivisoenda.
700 2262 780 2326 Nam
801 2263 860 2326 dici
876 2287 941 2329 non
958 2278 1073 2352 potest,
1095 2267 1213 2352 quoties
1232 2267 1265 2328 in
1282 2287 1342 2327 no-

299 2366 432 2428 minibus
446 2363 571 2426 citandis
583 2364 664 2450 apud
678 2378 795 2430 veteres
807 2380 929 2453 peccata
942 2371 1104 2432 commissa
1119 2369 1188 2432 sint.
1231 2367 1342 2430 Ruhn-

298 2467 406 2530 kenius
429 2466 660 2547 demonstravit,
691 2463 899 2554 Ἀρίσταρχος
920 2482 950 2534 et
970 2465 1169 2560 Ἀρχίλοχος,
1189 2467 1342 2546 Ἡσίοδος

301 2580 332 2632 et
354 2565 572 2650 Ἡλιόδωρος,
596 2564 776 2650 Ἡρόδοτος
804 2585 834 2636 et
851 2567 1071 2656 Ἡρωδιανός,
1106 2573 1342 2657 Πεισίστρατος
1429 2613 1430 2622 κ

300 2683 331 2736 et
355 2670 617 2754 Καλλίστρατος,
643 2668 825 2757 Ἵππαρχος
851 2687 883 2738 et
915 2674 1077 2757 Τίμαρχος
1103 2676 1259 2739 confundi.
1287 2679 1341 2738 cfr.

299 2777 394 2861 praef.
407 2774 447 2836 ad
459 2775 593 2855 Hesych.
606 2772 644 2854 II,
663 2798 694 2861 p.
708 2781 738 2840 6.
750 2799 833 2863 seqq.
857 2776 870 2855 (
877 2800 907 2863 p.
926 2783 995 2843 190.
1006 2800 1089 2863 seqq.
1105 2777 1154 2842 ed.
1166 2777 1339 2859 Friedem.)

300 2873 386 2938 Add.
398 2876 506 2939 Valck.
527 2875 566 2938 ad
578 2875 696 2940 Phoen.
715 2901 746 2964 p.
761 2878 832 2942 744.
875 2878 986 2943 Nonne
999 2881 1089 2960 igitur
1104 2881 1247 2944 facillime
1261 2880 1341 2943 Dio-

301 2976 436 3056 geatam,
466 2976 611 3055 Diodori,
639 2979 782 3064 Dionysii
804 2983 929 3044 nomina
953 2983 1128 3066 permutari,
1158 2983 1256 3046 immo
1285 3001 1339 3069 pro

300 3077 492 3155 Diogeniano
505 3077 712 3158 Herodianus,
733 3105 789 3168 pro
811 3083 988 3148 Herodiano
1006 3085 1215 3166 Diogenianus
1236 3079 1339 3172 appel-

247 3237 251 3245 Ι
299 3179 353 3240 lari
366 3179 486 3264 potuit?
508 3191 542 3241 ut
556 3181 638 3266 apud
651 3180 767 3246 Athen.
779 3183 846 3262 XI,
867 3184 938 3250 501.
961 3182 1135 3250 Diodorum
1153 3200 1183 3250 et
1197 3188 1340 3252 Herodo-

299 3292 365 3342 tum
381 3283 524 3344 confusos
538 3303 605 3378 esse
619 3282 730 3346 dicunt.
773 3284 924 3372 Exemplo
937 3291 1027 3352 allato
1042 3292 1224 3354 sententiam
1236 3313 1339 3356 meam

300 3383 468 3448 declarabo.
521 3375 678 3467 Ἑρμαῖα,
714 3385 909 3469 Syracusium
941 3412 1019 3477 essex
1038 3394 1209 3458 certaminis
1235 3401 1338 3479 genus,

299 3487 348 3573 ap.
367 3487 443 3550 Plat.
462 3487 557 3550 schol.
579 3509 618 3550 ex
637 3486 831 3572 Diogeniano
855 3491 972 3574 citatur3
997 3495 1031 3557 in
1054 3496 1211 3586 Hesychio
1232 3500 1338 3561 frustra

300 3589 458 3671 quaeritur.
505 3590 594 3654 Idem
612 3593 774 3657 scholiasta
790 3594 879 3659 novit
896 3595 1017 3658 lexicon
1028 3595 1168 3660 Atticum
1186 3595 1336 3681 Dionysii,

300 3691 352 3750 cfr.
369 3708 399 3772 p.
415 3689 486 3756 460.
500 3690 597 3756 Belk.
614 3696 682 3756 coll.
699 3694 802 3777 Etym.
824 3695 868 3758 Μ.
891 3717 916 3760 s.
935 3720 966 3763 v.
988 3693 1181 3782 ἅλιτήριος,“
1192 3703 1244 3785 qui
1255 3701 1337 3764 Pho-

298 3789 340 3851 tio
356 3801 430 3852 teste
446 3793 584 3876 inprimis
604 3799 700 3860 multa
721 3797 761 3860 de
778 3799 863 3862 festia
882 3795 992 3862 Atticis
1013 3799 1203 3887 disputavit.-
1235 3799 1338 3882 „dom

298 3910 333 3956 rs
354 3887 417 3974 γὰρ
433 3889 730 3978 ἐπιχωριάζουσι,“
753 3899 809 3977 ait,
831 3947 850 3977 ,,
857 3895 956 3976 λέξεις
969 3903 1039 3976 τοῖς
1057 3897 1246 3987 Ἀθηναίοις
1264 3903 1339 3988 περί.

298 4013 332 4058 τε
354 3987 412 4070 τὰς
435 3990 550 4075 ἑορτὰς
571 3995 706 4076 καὶτὰς
728 3999 836 4076 δίκας,
859 3996 1014 4064 ἐντεῦθεν
1035 3998 1125 4070 ἐστίν
1144 4001 1309 4089 ἐκμαθεῖν.
1318 4007 1335 4039 “

298 4094 364 4158 lam
386 4119 478 4184 quum
503 4098 585 4184 apud
609 4099 814 4168 Athenienses
835 4101 1001 4167 Mercurius
1020 4107 1154 4170 maxime
1182 4114 1333 4187 coleretur,
