2894 4816
302 376 324 437 ‘i

271 595 275 608 ,
302 539 354 626 qui
366 550 446 626 arcte
460 559 530 601 cum
543 537 592 601 his
607 533 813 617 coniungendi
829 546 914 614 eunt,
937 531 976 596 de
996 530 1226 616 lerdcographis.
1272 529 1351 593 Nam

302 641 439 706 siceteri
471 641 629 725 scriptores
652 641 753 700 lamae
782 657 854 702 suae
875 634 1101 716 magnitudine,
1130 632 1352 716 nominumque

301 741 463 829 splendore
488 742 678 804 acutissimos
697 742 840 803 homines
860 740 1035 815 incitarunt,
1058 748 1092 798 ut
1107 757 1229 800 stunmo
1250 733 1367 802 studio

302 843 439 906 adhibito
455 865 510 906 eos
525 844 645 929 penitus
658 863 856 922 cognoscere,
877 842 1004 906 virtutes
1022 861 1130 904 eorum
1153 849 1183 900 et
1199 837 1275 901 vitia
1296 857 1353 898 ex-

301 946 429 1030 plicare,
451 945 631 1010 adumbrare
652 943 783 1028 denique
807 945 901 1006 animi
923 942 1062 1005 indolem
1077 952 1108 1002 et
1125 951 1264 1002 naturam
1278 960 1353 1024 pro-

303 1058 459 1132 perarent:
481 1048 593 1110 horum
612 1047 747 1108 maxima
767 1068 852 1132 pars,
875 1057 938 1108 arte
958 1066 1014 1108 sua
1036 1056 1067 1107 et
1083 1041 1274 1128 professione
1291 1039 1354 1100 mi-

304 1150 388 1211 nime
398 1150 572 1226 illustrium,
593 1151 771 1233 plerumque
793 1159 964 1232 contempta
985 1147 1091 1223 iacuit,
1115 1155 1145 1206 et
1158 1145 1212 1210 vix
1226 1143 1354 1205 nomine

304 1262 392 1312 tenus
413 1261 486 1312 nota
511 1252 577 1311 fuit.
626 1249 697 1312 Non
719 1260 781 1325 est,
812 1250 863 1332 qui
883 1250 976 1310 libros
1002 1267 1109 1308 corum
1135 1245 1222 1331 parvi
1246 1243 1353 1320 faciat,

305 1361 427 1412 utuntur
447 1372 555 1414 omnes
576 1352 723 1416 thesauris
746 1370 854 1411 eorum
876 1348 1012 1430 doctrina
1033 1349 1183 1426 collectis3
1213 1344 1355 1406 meritam
1429 1367 1430 1430 ξ

306 1463 409 1515 autem
422 1453 547 1532 singulis
566 1454 734 1539 quibusque
753 1453 879 1531 gratiam
889 1455 1002 1515 habere
1014 1472 1108 1514 nemo
1122 1448 1236 1527 voluit,
1258 1466 1354 1510 nemo

307 1554 459 1634 cogitavit.
508 1554 616 1619 Restat
639 1556 729 1618 nobis
750 1576 815 1616 non
837 1574 935 1640 parva
949 1556 1137 1617 scholiorum
1159 1551 1262 1635 copia.
1286 1547 1355 1610 sci:

306 1677 375 1719 mus
394 1677 430 1717 ea
452 1677 470 1717 a
483 1657 698 1720 recentioribus
713 1659 890 1741 plerumque
909 1678 977 1719 esse
989 1679 1028 1718 ex
1041 1652 1258 1738 antiquioribus
1270 1649 1356 1712 libris

307 1768 463 1842 excerpta,
486 1781 585 1844 neque
597 1771 701 1822 tamen
717 1780 875 1837 cavemus,
898 1782 937 1822 ne
956 1760 1123 1844 antiquiora
1136 1751 1356 1819 recentioribus

307 1858 442 1922 admixta
463 1862 678 1941 exhibeamus,
707 1883 787 1926 neve
810 1865 892 1924 bona
915 1884 984 1922 cmn
1005 1862 1094 1920 malis
1117 1858 1208 1920 simul
1229 1852 1358 1914 abiiciass

308 1983 391 2039 mus,
413 1973 465 2023 aut
475 1966 556 2024 mala
570 1986 641 2024 cum
660 1965 750 2025 bonis
770 1964 929 2023 coniuncta
942 1962 975 2020 in
988 1980 1079 2020 usum
1095 1965 1258 2020 vertamus.
1301 1951 1359 2012 Ac

309 2084 418 2147 saepe,
446 2063 500 2125 ubi
518 2084 583 2124 non
615 2062 739 2124 difficile
766 2075 829 2124 erat
854 2063 1042 2141 singulorum
1065 2056 1240 2124 ,discernere
1263 2053 1357 2134 dicta,

311 2161 407 2225 defuit
418 2161 604 2226 eruditorum
617 2166 783 2227 curiositas.
812 2163 1040 2243 Antesiguanus
1054 2159 1166 2222 exstitit
1178 2155 1260 2220 Frtd.
1268 2155 1356 2240 Aug.

309 2265 461 2343 Wolfius,
483 2266 534 2350 qui
552 2287 672 2328 summa
693 2287 763 2328 cura
787 2277 820 2328 et
836 2265 1005 2345 diligentia,
1027 2283 1084 2326 nec
1104 2261 1223 2324 minore
1239 2260 1357 2339 ingenii

308 2368 485 2448 sagacitate,
507 2389 573 2432 rem
592 2380 826 2448 aggressusest,
849 2378 879 2429 ct
892 2358 1005 2430 mirltos
1019 2364 1148 2427 Homeri
1169 2373 1357 2426 enarratores
1428 2427 1429 2430 ,

308 2468 342 2530 in
358 2469 454 2533 vitam
467 2481 499 2531 et
519 2471 620 2533 lucem
637 2469 765 2534 reduxit.
807 2468 877 2534 Nou
893 2481 939 2532 est
960 2469 1064 2550 igitur,
1086 2465 1169 2553 quud
1186 2464 1357 2528 nonnobi-
1428 2549 1429 2556 ἵ

309 2571 428 2634 litatum
434 2571 506 2636 satis
517 2575 577 2636 hoc
592 2596 703 2638 munus
719 2595 787 2638 esse
795 2594 982 2637 censeamus.
1004 2569 1101 2656 Atqui
1114 2569 1202 2656 multi
1214 2579 1293 2646 sunt,
1302 2568 1357 2650 qui
1428 2559 1429 2566 '

310 2698 416 2761 parem
427 2678 486 2740 sibi
497 2680 652 2762 postulant
665 2677 868 2757 diligentiam
889 2675 978 2738 multi
991 2695 1120 2759 quorum
1131 2670 1252 2750 merita,
1273 2681 1357 2732 tem-

310 2799 421 2862 porum
441 2779 549 2842 iniuria
571 2783 744 2855 obscurata,
774 2778 875 2857 detegi
899 2787 931 2838 et
950 2776 1058 2861 aperiri
1080 2774 1201 2837 dehent.
1251 2771 1357 2834 Adiu.

310 2891 415 2940 menta
430 2892 547 2958 autem,
570 2882 670 2964 qualia
690 2881 742 2942 illa
757 2881 872 2944 scholia
886 2879 1006 2941 Veneta
1022 2888 1120 2955 eraut,
1143 2897 1220 2960 quae
1232 2877 1356 2943 Wolfio

309 2989 424 3040 rectam
438 2977 478 3039 ad
489 2981 649 3043 veritatem
660 2983 744 3045 vium
758 2979 962 3058 ostenderunt,
983 2991 1014 3042 ct
1025 2980 1088 3042 iam
1101 3001 1182 3042 nunc
1195 2989 1314 3042 exstant
1326 2989 1358 3042 et

311 3080 428 3142 maiore
442 3080 529 3163 copia
549 3083 613 3142 fere
634 3104 818 3166 unoquoque
838 3105 919 3145 anno
939 3084 1138 3167 profenmtur.
1181 3079 1299 3144 Eadem
1314 3080 1358 3144 de
1427 3089 1428 3096 ’

310 3181 531 3265 lexicographis
550 3180 629 3244 dicta
650 3193 751 3245 sunto.
801 3181 880 3262 Quis
910 3183 993 3244 enim
1015 3193 1061 3245 est
1079 3185 1273 3265 nostratium,
1302 3187 1358 3269 qui

284 3335 287 3343 .
312 3280 352 3346 de
374 3280 484 3360 Suida,
513 3284 637 3368 eiusque
657 3304 771 3362 magno
791 3286 908 3362 lexico,
936 3282 987 3367 qui
1010 3281 1051 3344 de
1070 3281 1357 3368 Etymologicorum
1427 3303 1428 3370 j

311 3386 498 3463 auctoribus,
531 3386 656 3470 aliisque
675 3388 778 3449 multis
806 3386 839 3450 id
868 3405 963 3467 genus
989 3385 1167 3449 hominibus
1190 3385 1357 3475 disquirere
1427 3404 1428 3430 ³

309 3488 474 3552 aceruatim
490 3487 643 3574 coeperit?
666 3487 748 3572 quis,
772 3487 820 3568 cui
838 3490 934 3551 multa
951 3508 1048 3571 eaque
1064 3487 1149 3550 utilia
1170 3501 1200 3552 et
1219 3511 1292 3554 vera
1314 3489 1356 3552 de

309 3591 422 3651 horum
440 3592 588 3656 librorum
614 3587 768 3654 condendi
792 3591 926 3671 ratione,
960 3590 999 3653 de
1029 3611 1194 3674 eommque
1216 3592 1354 3656 fo‘ntibus
1426 3631 1427 3642 κ

309 3701 426 3776 reperta
441 3690 630 3758 debeamus?
652 3691 779 3773 Singula
794 3693 968 3774 desingulis
986 3693 1145 3772 ingeniose
1167 3703 1198 3755 et
1219 3692 1258 3756 ad
1271 3696 1354 3760 veri-
1426 3751 1427 3764 ,

308 3801 403 3853 tatem
417 3795 648 3858 accommodate
662 3795 740 3857 dicta
751 3797 919 3862 habemuse
940 3796 974 3856 in
984 3805 1049 3856 tam
1061 3795 1256 3879 hequentatis
1269 3797 1354 3858 enim
1426 3785 1427 3796 ἵ

309 3893 492 3978 antiquitatis
506 3895 629 3973 studiis,
652 3895 727 3958 dum
747 3897 823 3959 elius
845 3897 937 3958 aliam
954 3896 1118 3958 litterarum
1128 3907 1246 3981 partem
1261 3919 1353 3959 occu-

307 4006 375 4082 pat,
396 3997 533 4073 fuerunt,
555 3996 678 4079 quibos
701 4019 824 4082 quoque
841 3997 999 4082 scriptores
1015 4009 1188 4079 tangerent,
1211 4001 1353 4084 etobiter

306 4097 452 4160 nonnulla
470 4097 586 4182 optime
606 4111 781 4164 monerent:
818 4097 872 4162 sed
901 4099 1067 4186 peculiares
1096 4101 1288 4188 quaestiones
1312 4099 1351 4163 de
