2918 4806
1088 349 1148 412 1³1

99 516 143 578 de
161 516 247 580 varia
268 515 353 580 vocis
382 508 544 580 τάλαντον
574 517 701 578 notione
723 537 788 578 non
814 526 950 577 accurate
978 514 1149 600 disputavit.

98 618 205 702 Itaque
221 618 289 680 ·hoc
317 637 436 703 quoque
467 619 643 681 testimonio
674 639 743 681 esse
773 629 889 703 potest,
920 617 1148 697 Diogenianum

99 707 166 781 non
182 719 283 804 ipsum
302 719 475 785 condidisse
494 722 631 798 lexicon,
653 717 709 782 sed
729 719 914 804 excerpsisse
934 719 1146 782 tantummodo
1167 775 1170 782 .
1214 735 1217 740 '

99 821 254 906 Pamphili
265 822 368 886 libros
414 823 516 904 Cogor
533 834 646 884 antem·
656 834 809 909 praeterea
822 821 864 884 ad
876 823 1071 886 scholiastam
1084 822 1148 884 Nam

101 923 240 986 zianzeni
252 945 417 1006 recurrere3
441 924 557 1011 dequo
587 925 706 987 certius
713 926 797 1009 loqui
818 945 958 1010 possem,
980 923 1039 985 nisi
1055 923 1148 986 ilion·

101 1027 257 1088 tefalconii
285 1027 362 1090 libro
389 1015 537 1090 carerem.¹
581 1026 729 1112 Suspicor
748 1039 851 1090 autem
876 1047 912 1088 ea
935 1027 1046 1102 verba,
1072 1046 1149 1109 quae

102 1150 193 1214 supra
207 1131 337 1194 *tractavi
365 1125 422 1207 „iu
443 1132 510 1193 coin
531 1131 754 1212 Διογενιανοῦ
776 1125 931 1210 ἐπιτομῆς
950 1129 1019 1190 τῶν
1044 1122 1148 1208 Orion·

104 1230 222 1298 σνίνου
238 1225 468 1313 Ἑλληνικῶνιί,
497 1234 616 1295 scholio
646 1230 810 1296 Comeret-ii
831 1229 970 1294 addenda
995 1251 1078 1292 esse:
1108 1230 1149 1291 ita

104 1346 139 1396 ut
150 1333 231 1420 apud
243 1345 403 1417 utrumque
413 1334 609 1396 scholiastam
620 1334 705 1397 idem
723 1335 800 1397 liber
812 1333 969 1396 indicetur.
1012 1331 1079 1394 Nisi
1091 1335 1149 1394 lai-

104 1445 152 1503 lor
164 1439 269 1518 igitur,
290 1457 353 1497 non
368 1446 414 1498 est
425 1435 474 1496 ibi.
487 1434 525 1496 de
539 1435 646 1500 tustini
658 1437 792 1500 historiis
814 1438 944 1517 graecis,
966 1433 1022 1497 sed
1037 1433 1077 1496 de
1091 1455 1150 1496 vo-

106 1561 176 1600 cum
198 1539 376 1600 collectione
394 1557 514 1615 se1m03
536 1559 635 1623 neque
660 1541 741 1600 male
763 1537 981 1600 Valckenarius
1002 1537 1040 1598 iis
1055 1537 1149 1611 lectis,

105 1641 247 1704 meminit
258 1640 395 1718 Vestini,
415 1657 507 1722 quem
524 1639 635 1702 Suidas
655 1639 811 1723 Pamphili
829 1639 984 1723 epitomen
996 1637 1151 1721 scripsisse

44 1770 47 1778 ·
105 1754 277 1820 auctorest,
299 1765 324 1806 s.
339 1763 370 1805 v.
389 1735 583 1824 Οὐηστῖνος.
617 1739 850 1819 ·Quumaute1n
861 1737 1070 1816 Diogenianus
1086 1737 1152 1821 epi'-

105 1858 213 1906 tomen
228 1844 378 1929 scripserit
390 1846 522 1930 quinque
536 1845 635 1924 libris3
658 1855 689 1906 et
701 1840 848 1906 Vestinus
867 1837 998 1902 eaodem
1007 1850 1152 1924 ,quattuor

106 1948 190 2010 libris
213 1947 493 2032 comprehenderit:
529 1948 680 2010 absonum
700 1955 795 2020 esset,
822 1943 850 2004 si
875 1941 1001 2024 quises
1020 1941 1151 2006 Vestino

108 2052 463 2132 Diogenianumiterorn
489 2049 645 2134 epitomen
671 2049 780 2110 fecisse
808 2044 976 2106 coniiceret.
1028 2040 1083 2102 An
1107 2051 1152 2104 est

108 2157 169 2220 hoc
184 2153 223 2216 de
244 2149 413 2233 ‚deleaute
428 2145 601 2232 ὀνομάτων
614 2146 651 2214 ἐκ
664 2141 978 2230 τοῖνΔημοοθένονς
995 2141 1153 2225 βιβλίων,ι

110 2268 140 2318 ct
153 2256 302 2328 similibus
320 2252 566 2334 intelligendum,
589 2273 663 2338 quas
682 2250 792 2314 Suidas
813 2249 972 2312 recenset?
1002 2244 1155 2329 Equidem

110 2359 187 2420 nibil
215 2357 287 2418 certi
316 2359 476 2420 affirmem.
526 2353 580 2417 Ad
608 2355 803 2438 Pamphilum
831 2363 933 2414 autem
961 2349 1008 2412 bis
1032 2367 1154 2431 quoquc

109 2460 264 2524 trabirnur.

549 2666 674 2794 'ct

198 2885 400 2970 Posteaquam
418 2882 640 2958 recensuimus,
654 2899 740 2964 quae
762 2876 802 2938 de
819 2872 1003 2953 Diogeoiani
1024 2872 1157 2956 epitome

111 2988 204 3051 lexici
226 2988 427 3074 Pamphiliani
444 2985 578 3069 conquiri
591 2991 749 3072 poterantz
780 2978 819 3039 de
841 2977 906 3038 eius
921 2972 1079 3036 conatibus
1094 2991 1159 3032 cer-

113 3104 180 3153 tum
192 3089 339 3151 iudicium
352 3093 446 3167 ferre,
469 3087 535 3150 sine
554 3083 730 3146 difficultate
746 3081 914 3166 suscipitur.
957 3075 1065 3137 Voluit
1077 3074 1159 3135 enim

116 3195 254 3268 efficere,
277 3203 309 3252 ut
322 3211 395 3275 quas
416 3199 606 3268 congesserat
622 3187 815 3272 Pamphilus,
838 3178 953 3257 λέξεις,
975 3177 1040 3238 sive
1058 3167 1160 3254 pictio-

117 3307 187 3368 σας,
212 3313 267 3354 eae
281 3294 398 3354 facilius
418 3303 613 3358 tractarentur
627 3302 657 3352 et
669 3311 686 3351 a
697 3288 833 3373 pluribus
846 3290 1029 3369 pararentur.
1055 3274 1160 3356 ltaque

117 3415 228 3458 eorum
241 3395 360 3455 utilitati
374 3395 512 3478 inprimis
524 3393 697 3477 prospexit,
720 3389 770 3472 qui
792 3407 885 3470 quum
901 3383 1058 3462 scriptores
1075 3386 1161 3437 vete-

117 3520 166 3560 res
185 3499 333 3576 legerent,
365 3497 520 3558 inusitatas
543 3505 573 3554 et
597 3493 710 3576 priscas
735 3508 829 3551 voces
851 3485 1009 3556 evolvere,
1036 3489 1066 3539 et
1083 3496 1161 3560 quae

119 3601 281 3662 doctorum
297 3595 334 3660 de
349 3617 455 3660 eorum
471 3595 598 3657 notione
620 3591 768 3655 sententia
785 3586 889 3661 morit,
912 3600 1094 3661 cognoscere
1109 3599 1162 3652 cu-

120 3705 252 3790 piebant.
302 3699 387 3779 Quid
415 3700 498 3761 enim
519 3695 558 3758 ad
584 3717 652 3772 cos,
681 3693 710 3755 si
733 3691 851 3769 singula
873 3685 1052 3770 scriptorum
1071 3683 1164 3746 verba

121 3805 323 3881 addebantur,
346 3821 424 3890 quae
437 3821 475 3862 eo
490 3807 649 3860 momento
663 3789 828 3874 legebant?
857 3787 929 3852 Non
948 3783 1165 3848 adjuvabantur

121 3908 178 3985 illi,
201 3907 228 3969 si
240 3909 351 3985 longae
367 3899 586 3988 disputationes
608 3898 647 3960 de
669 3891 820 3960 scribendi
837 3892 953 3953 ratione
971 3887 1095 3970 aliisque
1115 3905 1164 3972 re-

120 4011 178 4071 bus
193 4005 445 4069 admiscebantur.
488 3997 614 4066 illorum
628 4000 717 4079 igitur
734 3995 840 4059 studiis
856 3991 1030 4056 adiumenta
1051 3986 1164 4071 optima

121 4107 248 4200 paravit.
273 4151 276 4158 ·
292 4107 449 4180 Praeterea
464 4107 533 4170 libri
547 4105 663 4166 molem
676 4101 829 4176 minuere,
851 4116 982 4181 ermtque
997 4091 1092 4178 pretio
1111 4107 1166 4173 pa-
