2894 4816
290 317 333 380 4⁴

204 538 206 542 .
290 484 483 564 llIaussacus,
500 483 689 570 transpositis
702 483 831 548 vocibus
845 476 996 566 derloylu
1010 493 1040 546 et
1055 475 1190 548 destord
1197 529 1205 559 ,
1227 493 1330 546 muta-

288 589 348 666 vit,
370 588 543 673 proximam
560 587 678 650 veritau‘
696 598 802 672 putare
821 607 1001 674 possumus,
1026 587 1102 666 regii
1123 585 1236 649 codicis
1255 589 1330 649 scri-

287 699 408 774 pturam
427 686 573 766 αἰείστω,
596 687 765 752 dummodo
784 691 944 752 scribimus
966 681 1093 752 ἄείστω.
1137 687 1200 752 Sed
1217 687 1328 752 Suidas

287 793 466 870 refragatu,
488 801 518 852 et
538 790 725 871 Hesychius,
746 813 847 878 neque
863 791 897 853 in
918 790 1158 876 Harpocratione
1176 802 1241 852 tam
1260 791 1327 852 dili-

287 905 391 974 genter
407 894 572 955 litterarcun
589 895 681 956 series
702 905 852 973 servatur,
875 904 910 954 ut
923 893 996 954 certi
1016 892 1173 978 quidinde
1186 895 1327 973 colligere

286 1016 388 1080 queas.
432 992 536 1074 Quare
548 989 668 1059 edeucoi
682 1007 712 1057 ct
726 988 860 1062 destord
878 1017 935 1082 pro
947 995 1027 1060 veris
1046 996 1153 1058 formis
1166 997 1326 1060 habendae

285 1105 371 1177 sunt,
393 1119 521 1182 quarum
533 1099 616 1182 prior
635 1100 673 1159 ab
685 1096 863 1161 Democrito
883 1099 1007 1162 inventa
1027 1096 1134 1160 dicitur
1154 1110 1184 1160 et
1204 1101 1242 1162 ab
1259 1097 1325 1160 Ae-

285 1202 392 1282 schylo
405 1211 548 1284 usurpata
564 1211 624 1278 est,
646 1202 796 1285 posterior
815 1215 918 1266 autem
937 1201 1021 1289 apud
1034 1223 1130 1297 uuum
1147 1199 1324 1287 Antiphon-

285 1315 348 1365 tem
367 1303 521 1388 reperilur.
565 1300 629 1365 Sed
644 1301 828 1384 Diogeniani
843 1307 976 1384 merliu,
996 1315 1031 1366 ut
1043 1303 1183 1366 codicum
1200 1326 1323 1390 compa-

284 1407 360 1468 ratio
374 1405 478 1484 docet,
500 1426 518 1467 a
531 1405 699 1491 posteriore
712 1427 806 1469 manu
822 1410 1001 1494 interpolata
1015 1418 1074 1485 est,
1096 1417 1127 1468 et
1142 1409 1271 1469 fortasse
1286 1406 1322 1468 ad

284 1509 391 1571 ultima
404 1519 522 1569 tantum
540 1511 634 1572 rerba
650 1509 794 1594 pertinet,
818 1509 858 1573 ad
868 1532 981 1574 vocem
997 1501 1130 1574 εὐεστιό.
1173 1509 1211 1572 ln
1224 1511 1322 1591 Hesy-

285 1613 355 1673 chio
369 1633 394 1674 s.
410 1609 440 1674 ti.
463 1604 625 1674 oiarsonis·
647 1603 710 1693 τὴν
728 1606 868 1676 ἀἰώνιον
891 1605 1009 1678 οὐσίαν
1016 1657 1026 1688 ,
1050 1606 1073 1694 ἢ
1091 1603 1268 1695 didicitque.
1298 1635 1320 1674 s.

282 1735 313 1778 v.
332 1706 453 1777 edeocoi
472 1708 633 1791 ,εὐθυνία
651 1707 716 1778 dud
741 1717 804 1778 τοῦ
826 1702 872 1779 εὖ
894 1707 1012 1780 εἶναι.
1051 1708 1106 1778 καὶ
1128 1706 1322 1795 εὐδαιμονία

283 1811 349 1880 dud
367 1817 429 1880 cori
451 1804 499 1880 εὖ
522 1810 696 1880 ἑστάναι
718 1811 901 1882 τὰνοῖκον·
923 1810 1025 1900 viduo*
1045 1811 1322 1892 εοῦὸαψιλεῖντὰ
1391 1897 1393 1903 ,

281 1918 366 2002 πρὸς
383 1915 421 1983 τὸ
444 1914 568 1982 ἐσθίειν
588 1913 768 2001 εὐετηρία.“
810 1919 951 2006 Sequitur
967 1943 1031 1984 vox
1052 1912 1249 2003 „Etiecqot'af
1272 1912 1320 1982 td·

281 2020 399 2084 θυνία·
420 2017 522 2095 καλὰς
537 2015 699 2094 ἐνιαυτός·
720 2014 860 2102 ducitis
874 2021 1076 2086 διακεῖσθαι·
1098 2020 1321 2102 καλοκαιρία.“

281 2123 331 2186 De
346 2124 455 2207 quibus
467 2123 643 2207 priusquam
655 2124 824 2206 loquamur,
847 2123 987 2188 addenda
1000 2137 1046 2188 est
1057 2123 1234 2188 Ruhnkenii
1246 2127 1320 2186 haec

163 2301 166 2310 ,
280 2213 410 2288 narratio
432 2224 551 2304 „Unus,
574 2244 614 2285 ne
635 2223 707 2308 quid
726 2224 937 2307 dissimulem,
953 2251 993 2290 ex
1016 2227 1209 2307 Diogeniano
1236 2230 1319 2289 locus

280 2331 415 2406 affertur,
437 2349 530 2412 quem
549 2331 657 2390 frustra
679 2349 805 2412 quaeras
826 2331 859 2391 in
878 2330 1044 2412 Hesychio.
1074 2326 1203 2393 Glossae
1221 2330 1319 2392 Hero-

280 2433 362 2497 doti:
385 2427 534 2497 Edeoroi·
550 2425 711 2514 ἐὖαμερία
735 2425 900 2516 εὐετηρία·
933 2429 1125 2517 rixantem
1147 2435 1215 2497 τῶν
1239 2427 1320 2495 ἐτῶν

279 2529 434 2620 διαγωγή.
467 2531 685 2617 Διογενιανὸς
702 2527 783 2597 ἄνευ
797 2537 858 2598 τοῦ
872 2548 893 2599 c
910 2530 1038 2618 γράφει.
1083 2535 1185 2597 Habet
1197 2533 1319 2618 quidem

277 2661 389 2704 vocem
400 2640 589 2720 Hesychius,
611 2635 752 2700 sedtum
773 2649 793 2700 σ
813 2639 986 2724 scriptam.“
1028 2636 1123 2700 Aere
1136 2657 1210 2698 vera
1225 2645 1320 2698 exstat

278 2763 314 2804 ea
334 2744 434 2821 glossa
452 2763 501 2826 ap.
520 2740 770 2820 Schweighaeus.
791 2743 812 2803 l.
831 2744 851 2803 l.
873 2763 904 2826 p.
918 2738 989 2808 343.
1012 2761 1052 2802 ex
1072 2737 1187 2800 Herod.
1201 2737 1232 2816 I,
1259 2736 1317 2814 85,

276 2842 332 2906 sed
349 2843 393 2905 ibi
411 2865 532 2928 quoque
551 2853 615 2920 est,
639 2840 706 2904 cod.
725 2865 783 2906 ms.
804 2845 938 2928 optimae
952 2854 1058 2921 uotae,
1092 2841 1124 2904 S.
1145 2837 1250 2903 Germ.
1268 2839 1319 2923 qui

276 2947 410 3024 glossam
429 2947 613 3022 nonhabet,
635 2944 790 3008 utiterum
810 2947 959 3032 suspicer,
980 2943 1165 3025 Diogeniani
1186 2943 1318 3004 mentio-

275 3067 349 3107 nem
367 3047 472 3108 seriori
493 3047 688 3126 grarnmatico
713 3045 832 3125 deberi,
865 3069 923 3132 qua
946 3046 1035 3110 dere
1054 3048 1127 3108 alibi
1152 3046 1317 3108 accuratius

275 3147 430 3224 disseram.
477 3145 616 3221 ,Accedit
648 3146 730 3231 quod
762 3145 852 3229 Greg.
885 3149 1073 3228 Corinthius,
1105 3149 1157 3233 qui
1181 3145 1318 3209 codicem

275 3248 514 3314 Germanensem
536 3259 656 3312 secutus
672 3260 731 3326 est,
754 3251 830 3312 nihil
845 3249 884 3313 de
906 3245 1027 3316 edeorei
1040 3251 1174 3337 protulit.
1197 3250 1318 3330 Legitur

273 3367 377 3417 autem
395 3355 505 3418 iterum
525 3351 608 3438 apud
626 3351 862 3415 Bachmannum
886 3353 1089 3417 Anecdd.1ll.
1110 3375 1142 3439 p.
1165 3357 1245 3430 361,
1267 3357 1317 3415 20.

273 3453 472 3538 ,,Εὐεστριά·
495 3451 657 3539 εὐετηρία,
680 3448 702 3537 ἦ
716 3455 870 3542 καλλίστη
885 3461 951 3523 miv
964 3455 1046 3522 trev
1060 3449 1216 3538 διαγωγή.
1242 3457 1319 3518 Διο-

272 3554 423 3646 γενιανὸς
439 3553 519 3624 ἄνευ
536 3561 599 3624 cori
616 3572 636 3622 σ
657 3553 812 3641 poterut
854 3559 891 3624 In
904 3560 1055 3624 Herodoti
1067 3559 1240 3637 codicibus,
1265 3560 1316 3618 cfr.

272 3658 448 3739 Schweigh.
462 3663 638 3725 Var.Lectt.
650 3661 804 3724 inHerod.
820 3662 911 3726 Tom.
923 3663 948 3726 Ι.
960 3687 992 3749 p.
1008 3669 1074 3748 up.
1088 3667 1155 3741 70„
1178 3655 1316 3738 εὐεστοῖ,

272 3753 468 3841 εὐθηνίαεῒ
486 3766 552 3826 sine
574 3759 725 3830 dedecui
744 3764 899 3848 reperitur.
948 3767 1005 3828 His
1024 3764 1167 3846 cognitis,
1201 3777 1316 3826 certum
1344 3755 1347 3759 ’

270 3863 418 3926 iudicium
439 3868 516 3927 serre
531 3889 704 3951 possumus.
748 3867 905 3947 Hesychio
925 3868 1008 3928 enim
1034 3877 1138 3953 aperte
1165 3868 1316 3930 omissum

271 3979 316 4030 est
335 3965 456 4054 aliquid.
501 3965 573 4027 Duo
592 3971 742 4031 vocabula
760 3969 838 4029 inter
856 3991 890 4031 se
908 3967 1025 4032 diversa
1043 3951 1182 4031 discerni
1193 3969 1314 4045 debent,

270 4089 399 4154 quorum
421 4071 550 4131 alterum
572 4062 693 4134 εὐεστὼ
713 4069 877 4158 respondet
900 4071 971 4135 voci
992 4066 1146 4151 destord,
1167 4073 1313 4154 significat
