<?xml version="1.0" encoding="UTF-8"?>
<!DOCTYPE html PUBLIC "-//W3C//DTD XHTML 1.0 Transitional//EN"
    "http://www.w3.org/TR/xhtml1/DTD/xhtml1-transitional.dtd">
<html xmlns="http://www.w3.org/1999/xhtml" xml:lang="en" lang="en">
 <head>
  <title>
</title>
<meta http-equiv="Content-Type" content="text/html;charset=utf-8" />
  <meta name='ocr-system' content='tesseract 3.04.00' />
  <meta name='ocr-capabilities' content='ocr_page ocr_carea ocr_par ocr_line ocrx_word'/>
</head>
<body>
  <div class='ocr_page' id='page_1' title='image "./caroliferdinand01rankgoog_0075.png"; bbox 0 0 2894 4816; ppageno 0'>
   <div class='ocr_carea' id='block_1_1' title="bbox 286 350 330 438">
    <p class='ocr_par' dir='ltr' id='par_1_1' title="bbox 286 350 330 438">
     <span class='ocr_line' id='line_1_1' title="bbox 286 350 330 438; baseline 0 0"><span class='ocrx_word' id='word_1_1' title='bbox 286 350 330 438; x_wconf 67' lang='lat'>⁰4</span> 
     </span>
    </p>
   </div>
   <div class='ocr_carea' id='block_1_2' title="bbox 283 503 1346 1925">
    <p class='ocr_par' dir='ltr' id='par_1_2' title="bbox 283 503 1346 1608">
     <span class='ocr_line' id='line_1_2' title="bbox 289 503 1323 605; baseline -0.015 -25"><span class='ocrx_word' id='word_1_2' title='bbox 289 517 340 605; x_wconf 93' lang='lat' dir='ltr'>qui</span> <span class='ocrx_word' id='word_1_3' title='bbox 359 517 422 580; x_wconf 87' lang='lat' dir='ltr'>iam</span> <span class='ocrx_word' id='word_1_4' title='bbox 440 523 528 576; x_wconf 89' lang='lat' dir='ltr'>antea</span> <span class='ocrx_word' id='word_1_5' title='bbox 544 507 858 590; x_wconf 79' lang='lat' dir='ltr'>Hadriano&#39;regnente</span> <span class='ocrx_word' id='word_1_6' title='bbox 873 503 1048 586; x_wconf 76' lang='lat' dir='ltr'>Diogenem</span> <span class='ocrx_word' id='word_1_7' title='bbox 1059 503 1180 570; x_wconf 65' lang='lat' dir='ltr'>xvixtsse</span> <span class='ocrx_word' id='word_1_8' title='bbox 1193 505 1323 586; x_wconf 76' lang='lat' dir='ltr'>referret.</span> 
     </span>
     <span class='ocr_line' id='line_1_3' title="bbox 288 603 1325 689; baseline -0.016 -7"><span class='ocrx_word' id='word_1_9' title='bbox 288 620 542 684; x_wconf 86' lang='lat' dir='ltr'>Bartholomaeus</span> <span class='ocrx_word' id='word_1_10' title='bbox 552 615 635 676; x_wconf 91' lang='lat' dir='ltr'>enim</span> <span class='ocrx_word' id='word_1_11' title='bbox 644 611 819 688; x_wconf 80' lang='lat' dir='ltr'><strong>Amantius,</strong></span> <span class='ocrx_word' id='word_1_12' title='bbox 838 608 1001 689; x_wconf 85' lang='lat' dir='ltr'>Florilegio</span> <span class='ocrx_word' id='word_1_13' title='bbox 1021 606 1248 683; x_wconf 85' lang='lat' dir='ltr'>sententiarum,</span> <span class='ocrx_word' id='word_1_14' title='bbox 1262 603 1325 666; x_wconf 91' lang='lat' dir='ltr'>edi-</span> 
     </span>
     <span class='ocr_line' id='line_1_4' title="bbox 289 708 1325 798; baseline -0.014 -15"><span class='ocrx_word' id='word_1_15' title='bbox 289 733 322 783; x_wconf 87' lang='lat' dir='ltr'>to</span> <span class='ocrx_word' id='word_1_16' title='bbox 334 719 475 798; x_wconf 85' lang='lat' dir='ltr'>Dilingae</span> <span class='ocrx_word' id='word_1_17' title='bbox 498 739 525 778; x_wconf 89' lang='lat' dir='ltr'>a.</span> <span class='ocrx_word' id='word_1_18' title='bbox 548 715 646 793; x_wconf 86' lang='lat'><strong>1556,</strong></span> <span class='ocrx_word' id='word_1_19' title='bbox 667 713 772 777; x_wconf 89' lang='lat' dir='ltr'>lonsio</span> <span class='ocrx_word' id='word_1_20' title='bbox 794 721 957 791; x_wconf 88' lang='lat' dir='ltr'>monente,</span> <span class='ocrx_word' id='word_1_21' title='bbox 979 712 1021 771; x_wconf 88' lang='lat' dir='ltr'>ita</span> <span class='ocrx_word' id='word_1_22' title='bbox 1040 708 1079 770; x_wconf 91' lang='lat' dir='ltr'>de</span> <span class='ocrx_word' id='word_1_23' title='bbox 1092 719 1195 770; x_wconf 86' lang='lat' dir='ltr'>nostro</span> <span class='ocrx_word' id='word_1_24' title='bbox 1209 710 1325 769; x_wconf 89' lang='lat' dir='ltr'>locutus</span> 
     </span>
     <span class='ocr_line' id='line_1_5' title="bbox 289 811 1324 902; baseline -0.016 -16"><span class='ocrx_word' id='word_1_25' title='bbox 289 835 336 887; x_wconf 88' lang='lat' dir='ltr'>est</span> <span class='ocrx_word' id='word_1_26' title='bbox 357 819 518 901; x_wconf 76' lang='lat' dir='ltr'>„Laiirtius</span> <span class='ocrx_word' id='word_1_27' title='bbox 529 815 685 896; x_wconf 82' lang='lat' dir='ltr'>Diogenes</span> <span class='ocrx_word' id='word_1_28' title='bbox 701 816 832 880; x_wconf 78' lang='lat' dir='ltr'>servavit</span> <span class='ocrx_word' id='word_1_29' title='bbox 851 825 1034 902; x_wconf 89' lang='lat' dir='ltr'>perpetuum</span> <span class='ocrx_word' id='word_1_30' title='bbox 1054 811 1208 874; x_wconf 88' lang='lat' dir='ltr'>silentium</span> <span class='ocrx_word' id='word_1_31' title='bbox 1228 829 1268 870; x_wconf 84' lang='lat' dir='ltr'>ex</span> <span class='ocrx_word' id='word_1_32' title='bbox 1280 829 1324 896; x_wconf 85' lang='lat' dir='ltr'>eq,</span> 
     </span>
     <span class='ocr_line' id='line_1_6' title="bbox 289 909 1346 1010; baseline -0.014 -25"><span class='ocrx_word' id='word_1_33' title='bbox 289 922 373 1010; x_wconf 91' lang='lat' dir='ltr'>quod</span> <span class='ocrx_word' id='word_1_34' title='bbox 397 921 486 983; x_wconf 88' lang='lat' dir='ltr'>matri</span> <span class='ocrx_word' id='word_1_35' title='bbox 509 941 549 981; x_wconf 86' lang='lat' dir='ltr'>ex</span> <span class='ocrx_word' id='word_1_36' title='bbox 571 920 636 980; x_wconf 90' lang='lat' dir='ltr'>eius</span> <span class='ocrx_word' id='word_1_37' title='bbox 660 939 802 982; x_wconf 84' lang='lat' dir='ltr'>sermone</span> <span class='ocrx_word' id='word_1_38' title='bbox 819 940 857 980; x_wconf 86' lang='lat' dir='ltr'>ac</span> <span class='ocrx_word' id='word_1_39' title='bbox 875 917 1141 981; x_wconf 82' lang='lat' dir='ltr'>tentatione&#39;mors</span> <span class='ocrx_word' id='word_1_40' title='bbox 1164 909 1324 998; x_wconf 77' lang='lat' dir='ltr'>accidisset,</span> <span class='ocrx_word' id='word_1_41' title='bbox 1342 952 1346 956; x_wconf 87' lang='lat'><em>-</em></span> 
     </span>
     <span class='ocr_line' id='line_1_7' title="bbox 289 1013 1325 1106; baseline -0.015 -17"><span class='ocrx_word' id='word_1_42' title='bbox 289 1046 346 1088; x_wconf 88' lang='lat' dir='ltr'>nec</span> <span class='ocrx_word' id='word_1_43' title='bbox 363 1024 450 1084; x_wconf 90' lang='lat' dir='ltr'>illum</span> <span class='ocrx_word' id='word_1_44' title='bbox 472 1020 643 1084; x_wconf 79' lang='lat' dir='ltr'>Hadrianus</span> <span class='ocrx_word' id='word_1_45' title='bbox 657 1022 823 1106; x_wconf 84' lang='lat' dir='ltr'>imperator</span> <span class='ocrx_word' id='word_1_46' title='bbox 844 1019 884 1084; x_wconf 90' lang='lat' dir='ltr'>ad</span> <span class='ocrx_word' id='word_1_47' title='bbox 905 1017 1094 1105; x_wconf 88' lang='lat' dir='ltr'>loquendum</span> <span class='ocrx_word' id='word_1_48' title='bbox 1113 1014 1206 1076; x_wconf 89' lang='lat' dir='ltr'>etiam</span> <span class='ocrx_word' id='word_1_49' title='bbox 1226 1013 1325 1098; x_wconf 87' lang='lat' dir='ltr'>capitis</span> 
     </span>
     <span class='ocr_line' id='line_1_8' title="bbox 289 1114 1326 1214; baseline -0.014 -24"><span class='ocrx_word' id='word_1_50' title='bbox 289 1147 390 1214; x_wconf 91' lang='lat' dir='ltr'>poena</span> <span class='ocrx_word' id='word_1_51' title='bbox 401 1123 514 1186; x_wconf 87' lang='lat' dir='ltr'>indicta</span> <span class='ocrx_word' id='word_1_52' title='bbox 530 1143 726 1200; x_wconf 79' lang='lat' dir='ltr'>commorere</span> <span class='ocrx_word' id='word_1_53' title='bbox 738 1123 854 1207; x_wconf 83' lang='lat' dir='ltr'>potuit:</span> <span class='ocrx_word' id='word_1_54' title='bbox 876 1123 961 1184; x_wconf 89' lang='lat' dir='ltr'>cuius</span> <span class='ocrx_word' id='word_1_55' title='bbox 982 1117 1181 1182; x_wconf 79' lang='lat' dir='ltr'>constantiam</span> <span class='ocrx_word' id='word_1_56' title='bbox 1199 1114 1326 1177; x_wconf 85' lang='lat' dir='ltr'>admira-</span> 
     </span>
     <span class='ocr_line' id='line_1_9' title="bbox 290 1218 1327 1313; baseline -0.012 -23"><span class='ocrx_word' id='word_1_57' title='bbox 290 1239 339 1290; x_wconf 91' lang='lat' dir='ltr'>tus</span> <span class='ocrx_word' id='word_1_58' title='bbox 357 1226 510 1313; x_wconf 87' lang='lat' dir='ltr'>pepercit“</span> <span class='ocrx_word' id='word_1_59' title='bbox 531 1235 599 1286; x_wconf 78' lang='lat' dir='ltr'>cett.</span> <span class='ocrx_word' id='word_1_60' title='bbox 643 1221 708 1286; x_wconf 88' lang='lat' dir='ltr'>Sed</span> <span class='ocrx_word' id='word_1_61' title='bbox 720 1221 831 1284; x_wconf 89' lang='lat' dir='ltr'>eadem</span> <span class='ocrx_word' id='word_1_62' title='bbox 847 1225 886 1287; x_wconf 90' lang='lat' dir='ltr'>ab</span> <span class='ocrx_word' id='word_1_63' title='bbox 904 1223 970 1286; x_wconf 89' lang='lat' dir='ltr'>aliis</span> <span class='ocrx_word' id='word_1_64' title='bbox 983 1222 1021 1286; x_wconf 90' lang='lat' dir='ltr'>de</span> <span class='ocrx_word' id='word_1_65' title='bbox 1037 1218 1179 1298; x_wconf 76' lang='lat' dir='ltr'>Secundo</span> <span class='ocrx_word' id='word_1_66' title='bbox 1191 1219 1327 1304; x_wconf 89' lang='lat' dir='ltr'>philoso-</span> 
     </span>
     <span class='ocr_line' id='line_1_10' title="bbox 290 1319 1327 1416; baseline -0.013 -24"><span class='ocrx_word' id='word_1_67' title='bbox 290 1332 355 1416; x_wconf 91' lang='lat' dir='ltr'>pho</span> <span class='ocrx_word' id='word_1_68' title='bbox 371 1339 553 1390; x_wconf 71' lang='lat' dir='ltr'>enarrantem</span> <span class='ocrx_word' id='word_1_69' title='bbox 598 1325 669 1388; x_wconf 88' lang='lat' dir='ltr'>Utut</span> <span class='ocrx_word' id='word_1_70' title='bbox 681 1335 743 1402; x_wconf 89' lang='lat' dir='ltr'>est,</span> <span class='ocrx_word' id='word_1_71' title='bbox 764 1323 797 1386; x_wconf 92' lang='lat' dir='ltr'>id</span> <span class='ocrx_word' id='word_1_72' title='bbox 808 1341 930 1411; x_wconf 85' lang='lat' dir='ltr'>quoque</span> <span class='ocrx_word' id='word_1_73' title='bbox 944 1324 1109 1387; x_wconf 80' lang='lat' dir='ltr'>Amantius</span> <span class='ocrx_word' id='word_1_74' title='bbox 1120 1322 1174 1385; x_wconf 85' lang='lat' dir='ltr'>vix</span> <span class='ocrx_word' id='word_1_75' title='bbox 1189 1319 1327 1382; x_wconf 87' lang='lat' dir='ltr'>commit·</span> 
     </span>
     <span class='ocr_line' id='line_1_11' title="bbox 290 1421 1327 1516; baseline -0.01 -22"><span class='ocrx_word' id='word_1_76' title='bbox 290 1445 353 1516; x_wconf 68' lang='lat' dir='ltr'>tere</span> <span class='ocrx_word' id='word_1_77' title='bbox 367 1430 466 1516; x_wconf 80' lang='lat' dir='ltr'>potuit</span> <span class='ocrx_word' id='word_1_78' title='bbox 477 1429 602 1506; x_wconf 83' lang='lat' dir='ltr'>vitium,</span> <span class='ocrx_word' id='word_1_79' title='bbox 625 1428 683 1489; x_wconf 83' lang='lat' dir='ltr'>nisi</span> <span class='ocrx_word' id='word_1_80' title='bbox 694 1425 803 1490; x_wconf 90' lang='lat' dir='ltr'>eadem</span> <span class='ocrx_word' id='word_1_81' title='bbox 821 1440 903 1492; x_wconf 84' lang='lat' dir='ltr'>actas</span> <span class='ocrx_word' id='word_1_82' title='bbox 919 1450 959 1490; x_wconf 87' lang='lat' dir='ltr'>ex</span> <span class='ocrx_word' id='word_1_83' title='bbox 973 1427 1038 1489; x_wconf 87' lang='lat' dir='ltr'>eius</span> <span class='ocrx_word' id='word_1_84' title='bbox 1054 1424 1202 1488; x_wconf 89' lang='lat' dir='ltr'>sententia</span> <span class='ocrx_word' id='word_1_85' title='bbox 1215 1421 1327 1498; x_wconf 83' lang='lat' dir='ltr'>Secun-</span> 
     </span>
     <span class='ocr_line' id='line_1_12' title="bbox 283 1529 715 1608; baseline -0.012 -12"><span class='ocrx_word' id='word_1_86' title='bbox 283 1533 368 1608; x_wconf 88' lang='lat' dir='ltr'>dum</span> <span class='ocrx_word' id='word_1_87' title='bbox 381 1545 412 1595; x_wconf 87' lang='lat' dir='ltr'>et</span> <span class='ocrx_word' id='word_1_88' title='bbox 421 1529 576 1594; x_wconf 79' lang='lat' dir='ltr'>Laiirtium</span> <span class='ocrx_word' id='word_1_89' title='bbox 590 1530 715 1592; x_wconf 84' lang='lat' dir='ltr'>tulisset.</span> 
     </span>
    </p>

    <p class='ocr_par' dir='ltr' id='par_1_3' title="bbox 292 1627 1330 1925">
     <span class='ocr_line' id='line_1_13' title="bbox 376 1627 1328 1718; baseline -0.008 -22"><span class='ocrx_word' id='word_1_90' title='bbox 376 1632 430 1696; x_wconf 86' lang='lat' dir='ltr'>Ab</span> <span class='ocrx_word' id='word_1_91' title='bbox 451 1643 548 1694; x_wconf 83' lang='lat' dir='ltr'>aetate</span> <span class='ocrx_word' id='word_1_92' title='bbox 560 1630 691 1716; x_wconf 85' lang='lat' dir='ltr'>denique</span> <span class='ocrx_word' id='word_1_93' title='bbox 707 1630 748 1694; x_wconf 88' lang='lat' dir='ltr'>ad</span> <span class='ocrx_word' id='word_1_94' title='bbox 758 1631 817 1695; x_wconf 78' lang='lat' dir='ltr'>viri</span> <span class='ocrx_word' id='word_1_95' title='bbox 830 1631 940 1718; x_wconf 87' lang='lat' dir='ltr'>scripta</span> <span class='ocrx_word' id='word_1_96' title='bbox 955 1627 1177 1712; x_wconf 73' lang='lat' dir='ltr'>descendimus.</span> <span class='ocrx_word' id='word_1_97' title='bbox 1193 1655 1202 1666; x_wconf 87' lang='lat'><em>·</em></span> <span class='ocrx_word' id='word_1_98' title='bbox 1220 1627 1328 1690; x_wconf 86' lang='lat' dir='ltr'>Hacte-</span> 
     </span>
     <span class='ocr_line' id='line_1_14' title="bbox 292 1726 1330 1816; baseline -0.009 -15"><span class='ocrx_word' id='word_1_99' title='bbox 292 1759 350 1801; x_wconf 91' lang='lat' dir='ltr'>nus</span> <span class='ocrx_word' id='word_1_100' title='bbox 364 1757 444 1797; x_wconf 89' lang='lat' dir='ltr'>unus</span> <span class='ocrx_word' id='word_1_101' title='bbox 461 1745 579 1798; x_wconf 69' lang='lat' dir='ltr'>marm</span> <span class='ocrx_word' id='word_1_102' title='bbox 598 1736 664 1797; x_wconf 88' lang='lat' dir='ltr'>eius</span> <span class='ocrx_word' id='word_1_103' title='bbox 679 1734 756 1796; x_wconf 88' lang='lat' dir='ltr'>liber</span> <span class='ocrx_word' id='word_1_104' title='bbox 773 1743 864 1796; x_wconf 76' lang='lat' dir='ltr'>noun</span> <span class='ocrx_word' id='word_1_105' title='bbox 885 1733 970 1813; x_wconf 79' lang='lat' dir='ltr'>erat,&#39;</span> <span class='ocrx_word' id='word_1_106' title='bbox 993 1726 1183 1816; x_wconf 77' lang='grc' dir='ltr'><strong><em>φιλόσοφος</em></strong></span> <span class='ocrx_word' id='word_1_107' title='bbox 1204 1726 1330 1816; x_wconf 72' lang='lat' dir='ltr'>locuple</span> 
     </span>
     <span class='ocr_line' id='line_1_15' title="bbox 293 1830 1330 1925; baseline -0.009 -23"><span class='ocrx_word' id='word_1_108' title='bbox 293 1851 324 1902; x_wconf 89' lang='lat' dir='ltr'>et</span> <span class='ocrx_word' id='word_1_109' title='bbox 343 1849 497 1925; x_wconf 85' lang='lat' dir='ltr'>praeterea</span> <span class='ocrx_word' id='word_1_110' title='bbox 515 1830 716 1919; x_wconf 65' lang='lat' dir='ltr'>adiuuatque.</span> <span class='ocrx_word' id='word_1_111' title='bbox 763 1835 851 1898; x_wconf 90' lang='lat' dir='ltr'>Nunc</span> <span class='ocrx_word' id='word_1_112' title='bbox 870 1837 898 1898; x_wconf 86' lang='lat' dir='ltr'>si</span> <span class='ocrx_word' id='word_1_113' title='bbox 914 1856 989 1899; x_wconf 79' lang='lat' dir='ltr'>vera</span> <span class='ocrx_word' id='word_1_114' title='bbox 1016 1845 1097 1898; x_wconf 88' lang='lat' dir='ltr'>esset</span> <span class='ocrx_word' id='word_1_115' title='bbox 1124 1835 1294 1896; x_wconf 87' lang='lat' dir='ltr'>coniectura</span> <span class='ocrx_word' id='word_1_116' title='bbox 1314 1852 1330 1892; x_wconf 90' lang='lat' dir='ltr'>a</span> 
     </span>
    </p>
   </div>
   <div class='ocr_carea' id='block_1_3' title="bbox 180 1934 1330 2026">
    <p class='ocr_par' dir='ltr' id='par_1_4' title="bbox 180 1934 1330 2026">
     <span class='ocr_line' id='line_1_16' title="bbox 180 1934 1330 2026; baseline -0.009 -22"><span class='ocrx_word' id='word_1_117' title='bbox 180 1977 184 1988; x_wconf 88' lang='lat'><em>.</em></span> <span class='ocrx_word' id='word_1_118' title='bbox 292 1962 344 2003; x_wconf 90' lang='lat' dir='ltr'>me</span> <span class='ocrx_word' id='word_1_119' title='bbox 355 1940 531 2026; x_wconf 86' lang='lat' dir='ltr'>proposita,</span> <span class='ocrx_word' id='word_1_120' title='bbox 543 1941 629 2023; x_wconf 86' lang='lat' dir='ltr'>plura</span> <span class='ocrx_word' id='word_1_121' title='bbox 651 1936 764 1999; x_wconf 89' lang='lat' dir='ltr'>addere</span> <span class='ocrx_word' id='word_1_122' title='bbox 783 1939 894 2000; x_wconf 85' lang='lat' dir='ltr'>liceret.</span> <span class='ocrx_word' id='word_1_123' title='bbox 913 1987 921 2002; x_wconf 91' lang='grc'><strong>.</strong></span> <span class='ocrx_word' id='word_1_124' title='bbox 937 1936 988 1999; x_wconf 90' lang='lat' dir='ltr'>Ac</span> <span class='ocrx_word' id='word_1_125' title='bbox 1002 1959 1076 2000; x_wconf 85' lang='lat' dir='ltr'>sane</span> <span class='ocrx_word' id='word_1_126' title='bbox 1095 1937 1158 1998; x_wconf 88' lang='lat' dir='ltr'>iam</span> <span class='ocrx_word' id='word_1_127' title='bbox 1172 1934 1330 2021; x_wconf 73' lang='lat' dir='ltr'>Mensgius</span> 
     </span>
    </p>
   </div>
   <div class='ocr_carea' id='block_1_4' title="bbox 222 2038 1429 2533">
    <p class='ocr_par' dir='ltr' id='par_1_5' title="bbox 222 2038 1332 2330">
     <span class='ocr_line' id='line_1_17' title="bbox 222 2038 1332 2124; baseline -0.012 -17"><span class='ocrx_word' id='word_1_128' title='bbox 222 2047 230 2064; x_wconf 82' lang='grc'><em>“</em></span> <span class='ocrx_word' id='word_1_129' title='bbox 293 2065 333 2107; x_wconf 84' lang='lat' dir='ltr'>ex</span> <span class='ocrx_word' id='word_1_130' title='bbox 346 2042 459 2104; x_wconf 80' lang='lat' dir='ltr'>Laiirtii</span> <span class='ocrx_word' id='word_1_131' title='bbox 470 2040 566 2124; x_wconf 89' lang='lat' dir='ltr'>ipsius</span> <span class='ocrx_word' id='word_1_132' title='bbox 586 2040 688 2102; x_wconf 88' lang='lat' dir='ltr'>verbis</span> <span class='ocrx_word' id='word_1_133' title='bbox 706 2039 751 2116; x_wconf 90' lang='lat' dir='ltr'>II,</span> <span class='ocrx_word' id='word_1_134' title='bbox 775 2038 825 2102; x_wconf 87' lang='lat'>65.</span> <span class='ocrx_word' id='word_1_135' title='bbox 845 2041 1021 2119; x_wconf 84' lang='lat' dir='ltr'>collegerat,</span> <span class='ocrx_word' id='word_1_136' title='bbox 1043 2061 1116 2102; x_wconf 90' lang='lat' dir='ltr'>eum</span> <span class='ocrx_word' id='word_1_137' title='bbox 1135 2039 1193 2100; x_wconf 87' lang='lat' dir='ltr'>alia</span> <span class='ocrx_word' id='word_1_138' title='bbox 1212 2053 1332 2121; x_wconf 82' lang='lat' dir='ltr'>quoque</span> 
     </span>
     <span class='ocr_line' id='line_1_18' title="bbox 293 2133 1332 2227; baseline -0.006 -22"><span class='ocrx_word' id='word_1_139' title='bbox 293 2142 519 2227; x_wconf 78' lang='lat' dir='ltr'>composuisse,</span> <span class='ocrx_word' id='word_1_140' title='bbox 548 2133 620 2218; x_wconf 70' lang='lat' dir='ltr'>„eie</span> <span class='ocrx_word' id='word_1_141' title='bbox 641 2136 677 2218; x_wconf 72' lang='grc' dir='ltr'>ἐν</span> <span class='ocrx_word' id='word_1_142' title='bbox 696 2135 809 2215; x_wconf 77' lang='grc' dir='ltr'><strong><em>ἄλλοις</em></strong></span> <span class='ocrx_word' id='word_1_143' title='bbox 837 2135 1020 2226; x_wconf 73' lang='grc' dir='ltr'><strong><em>εἰρήκαμεν.</em></strong></span> <span class='ocrx_word' id='word_1_144' title='bbox 1028 2142 1047 2174; x_wconf 88' lang='grc'>“</span> <span class='ocrx_word' id='word_1_145' title='bbox 1089 2139 1332 2222; x_wconf 80' lang='lat' dir='ltr'>Certum&#39;tamep</span> 
     </span>
     <span class='ocr_line' id='line_1_19' title="bbox 292 2239 873 2330; baseline -0.002 -24"><span class='ocrx_word' id='word_1_146' title='bbox 292 2243 360 2306; x_wconf 85' lang='lat' dir='ltr'>libri</span> <span class='ocrx_word' id='word_1_147' title='bbox 372 2243 493 2303; x_wconf 88' lang='lat' dir='ltr'>titulum</span> <span class='ocrx_word' id='word_1_148' title='bbox 507 2239 629 2330; x_wconf 84' lang='lat' dir='ltr'>aliunde</span> <span class='ocrx_word' id='word_1_149' title='bbox 642 2262 708 2302; x_wconf 89' lang='lat' dir='ltr'>non</span> <span class='ocrx_word' id='word_1_150' title='bbox 719 2243 873 2305; x_wconf 84' lang='lat' dir='ltr'>novimus.</span> 
     </span>
    </p>

    <p class='ocr_par' dir='ltr' id='par_1_6' title="bbox 264 2341 1429 2533">
     <span class='ocr_line' id='line_1_20' title="bbox 295 2341 1332 2430; baseline 0.001 -26"><span class='ocrx_word' id='word_1_151' title='bbox 295 2385 302 2392; x_wconf 93' lang='lat'><em>-</em></span> <span class='ocrx_word' id='word_1_152' title='bbox 375 2344 434 2405; x_wconf 90' lang='lat' dir='ltr'>His</span> <span class='ocrx_word' id='word_1_153' title='bbox 450 2343 611 2428; x_wconf 85' lang='lat' dir='ltr'>expositis,</span> <span class='ocrx_word' id='word_1_154' title='bbox 634 2344 760 2408; x_wconf 83' lang='lat' dir='ltr'>tandem</span> <span class='ocrx_word' id='word_1_155' title='bbox 781 2344 943 2430; x_wconf 89' lang='lat' dir='ltr'>aliquando</span> <span class='ocrx_word' id='word_1_156' title='bbox 965 2343 1005 2407; x_wconf 89' lang='lat' dir='ltr'>ad</span> <span class='ocrx_word' id='word_1_157' title='bbox 1015 2353 1153 2407; x_wconf 82' lang='lat' dir='ltr'>nostnun</span> <span class='ocrx_word' id='word_1_158' title='bbox 1166 2341 1332 2422; x_wconf 81' lang='lat' dir='ltr'>lexicogra-</span> 
     </span>
     <span class='ocr_line' id='line_1_21' title="bbox 264 2437 1429 2533; baseline 0 -25"><span class='ocrx_word' id='word_1_159' title='bbox 264 2437 392 2533; x_wconf 67' lang='lat' dir='ltr'>&#39;phum</span> <span class='ocrx_word' id='word_1_160' title='bbox 404 2446 591 2508; x_wconf 74' lang='lat' dir='ltr'>revertimur.</span> <span class='ocrx_word' id='word_1_161' title='bbox 634 2445 684 2508; x_wconf 82' lang='lat' dir='ltr'>Ac</span> <span class='ocrx_word' id='word_1_162' title='bbox 697 2449 831 2533; x_wconf 86' lang='lat' dir='ltr'>primum</span> <span class='ocrx_word' id='word_1_163' title='bbox 848 2447 973 2533; x_wconf 87' lang='lat' dir='ltr'>quidem</span> <span class='ocrx_word' id='word_1_164' title='bbox 987 2449 1026 2510; x_wconf 90' lang='lat' dir='ltr'>ab</span> <span class='ocrx_word' id='word_1_165' title='bbox 1047 2469 1103 2526; x_wconf 87' lang='lat' dir='ltr'>eo,</span> <span class='ocrx_word' id='word_1_166' title='bbox 1128 2467 1222 2532; x_wconf 89' lang='lat' dir='ltr'>quem</span> <span class='ocrx_word' id='word_1_167' title='bbox 1234 2447 1331 2528; x_wconf 82' lang='lat' dir='ltr'>Hesy-</span> <span class='ocrx_word' id='word_1_168' title='bbox 1428 2515 1429 2532; x_wconf 18' lang='lat' dir='ltr'>i</span> 
     </span>
    </p>
   </div>
   <div class='ocr_carea' id='block_1_5' title="bbox 290 2547 1429 2634">
    <p class='ocr_par' dir='ltr' id='par_1_7' title="bbox 290 2547 1429 2634">
     <span class='ocr_line' id='line_1_22' title="bbox 290 2547 1429 2634; baseline -0.001 -23"><span class='ocrx_word' id='word_1_169' title='bbox 290 2549 380 2612; x_wconf 81' lang='lat' dir='ltr'>chius</span> <span class='ocrx_word' id='word_1_170' title='bbox 402 2547 587 2630; x_wconf 85' lang='lat' dir='ltr'>nominavit,</span> <span class='ocrx_word' id='word_1_171' title='bbox 616 2551 715 2612; x_wconf 83' lang='lat' dir='ltr'>sonna</span> <span class='ocrx_word' id='word_1_172' title='bbox 743 2551 877 2612; x_wconf 90' lang='lat' dir='ltr'>nominis</span> <span class='ocrx_word' id='word_1_173' title='bbox 896 2548 1016 2632; x_wconf 83' lang='lat' dir='ltr'>differre</span> <span class='ocrx_word' id='word_1_174' title='bbox 1037 2548 1172 2626; x_wconf 80' lang='lat' dir='ltr'>videtur,</span> <span class='ocrx_word' id='word_1_175' title='bbox 1195 2549 1266 2634; x_wconf 89' lang='lat' dir='ltr'>quia</span> <span class='ocrx_word' id='word_1_176' title='bbox 1284 2550 1333 2610; x_wconf 90' lang='lat' dir='ltr'>ille</span> <span class='ocrx_word' id='word_1_177' title='bbox 1428 2547 1429 2556; x_wconf 71' lang='grc'>’</span> 
     </span>
    </p>
   </div>
   <div class='ocr_carea' id='block_1_6' title="bbox 276 2644 1333 3452">
    <p class='ocr_par' dir='ltr' id='par_1_8' title="bbox 276 2644 1333 3452">
     <span class='ocr_line' id='line_1_23' title="bbox 292 2644 1332 2737; baseline -0.002 -23"><span class='ocrx_word' id='word_1_178' title='bbox 292 2645 507 2731; x_wconf 74' lang='grc' dir='ltr'>Διογενιανός</span> <span class='ocrx_word' id='word_1_179' title='bbox 528 2651 658 2736; x_wconf 89' lang='lat' dir='ltr'>simplici</span> <span class='ocrx_word' id='word_1_180' title='bbox 677 2673 705 2732; x_wconf 83' lang='grc' dir='ltr'>ι,</span> <span class='ocrx_word' id='word_1_181' title='bbox 727 2653 778 2714; x_wconf 89' lang='lat' dir='ltr'>hic</span> <span class='ocrx_word' id='word_1_182' title='bbox 795 2644 1028 2734; x_wconf 74' lang='grc' dir='ltr'>Διογενειανός</span> <span class='ocrx_word' id='word_1_183' title='bbox 1047 2653 1224 2737; x_wconf 85' lang='lat' dir='ltr'>appellatur.</span> <span class='ocrx_word' id='word_1_184' title='bbox 1266 2648 1332 2712; x_wconf 83' lang='lat' dir='ltr'>An-</span> 
     </span>
     <span class='ocr_line' id='line_1_24' title="bbox 293 2750 1332 2846; baseline 0 -31"><span class='ocrx_word' id='word_1_185' title='bbox 293 2764 417 2837; x_wconf 86' lang='lat' dir='ltr'>tequam</span> <span class='ocrx_word' id='word_1_186' title='bbox 429 2750 527 2813; x_wconf 90' lang='lat' dir='ltr'>Bastii</span> <span class='ocrx_word' id='word_1_187' title='bbox 542 2753 831 2817; x_wconf 84' lang='lat' dir='ltr'>commentationem</span> <span class='ocrx_word' id='word_1_188' title='bbox 851 2759 998 2846; x_wconf 71' lang='lat' dir='ltr'>legeram,</span> <span class='ocrx_word' id='word_1_189' title='bbox 1021 2775 1080 2838; x_wconf 90' lang='lat' dir='ltr'>qua</span> <span class='ocrx_word' id='word_1_190' title='bbox 1099 2757 1200 2834; x_wconf 78' lang='lat' dir='ltr'>glossa</span> <span class='ocrx_word' id='word_1_191' title='bbox 1211 2773 1332 2838; x_wconf 87' lang='lat' dir='ltr'>praece-</span> 
     </span>
     <span class='ocr_line' id='line_1_25' title="bbox 278 2845 1332 2938; baseline -0.002 -18"><span class='ocrx_word' id='word_1_192' title='bbox 278 2911 280 2921; x_wconf 45' lang='lat'>2</span> <span class='ocrx_word' id='word_1_193' title='bbox 294 2852 370 2916; x_wconf 89' lang='lat' dir='ltr'>dens</span> <span class='ocrx_word' id='word_1_194' title='bbox 383 2845 545 2936; x_wconf 76' lang='grc' dir='ltr'>Διογενής</span> <span class='ocrx_word' id='word_1_195' title='bbox 564 2854 598 2914; x_wconf 91' lang='lat' dir='ltr'>in</span> <span class='ocrx_word' id='word_1_196' title='bbox 609 2853 793 2938; x_wconf 56' lang='lat' dir='ltr'>Aeoyeviffi.</span> <span class='ocrx_word' id='word_1_197' title='bbox 805 2857 909 2920; x_wconf 89' lang='lat' dir='ltr'>codice</span> <span class='ocrx_word' id='word_1_198' title='bbox 923 2855 1087 2920; x_wconf 72' lang='lat' dir='ltr'>&#39;Parisiensi</span> <span class='ocrx_word' id='word_1_199' title='bbox 1104 2855 1182 2918; x_wconf 86' lang='lat' dir='ltr'>duce</span> <span class='ocrx_word' id='word_1_200' title='bbox 1194 2867 1332 2934; x_wconf 79' lang='lat' dir='ltr'>mutatur,</span> 
     </span>
     <span class='ocr_line' id='line_1_26' title="bbox 293 2953 1333 3046; baseline 0.006 -31"><span class='ocrx_word' id='word_1_201' title='bbox 293 2956 326 3015; x_wconf 93' lang='lat' dir='ltr'>in</span> <span class='ocrx_word' id='word_1_202' title='bbox 340 2953 453 3016; x_wconf 88' lang='lat' dir='ltr'>Suidae</span> <span class='ocrx_word' id='word_1_203' title='bbox 477 2953 597 3018; x_wconf 89' lang='lat' dir='ltr'>codices</span> <span class='ocrx_word' id='word_1_204' title='bbox 618 2959 727 3028; x_wconf 83' lang='lat' dir='ltr'>vitium</span> <span class='ocrx_word' id='word_1_205' title='bbox 746 2960 901 3046; x_wconf 84' lang='lat' dir='ltr'>irrepsisse</span> <span class='ocrx_word' id='word_1_206' title='bbox 923 2959 1112 3044; x_wconf 86' lang='lat' dir='ltr'>suspicabar;</span> <span class='ocrx_word' id='word_1_207' title='bbox 1135 2958 1205 3043; x_wconf 86' lang='lat' dir='ltr'>quia</span> <span class='ocrx_word' id='word_1_208' title='bbox 1226 2957 1333 3021; x_wconf 90' lang='lat' dir='ltr'>Suidas</span> 
     </span>
     <span class='ocr_line' id='line_1_27' title="bbox 294 3057 1333 3138; baseline 0.006 -22"><span class='ocrx_word' id='word_1_209' title='bbox 294 3066 430 3117; x_wconf 87' lang='lat' dir='ltr'>accurate</span> <span class='ocrx_word' id='word_1_210' title='bbox 442 3057 575 3138; x_wconf 87' lang='lat' dir='ltr'>sequitur</span> <span class='ocrx_word' id='word_1_211' title='bbox 584 3059 747 3122; x_wconf 81' lang='lat' dir='ltr'>litterarum</span> <span class='ocrx_word' id='word_1_212' title='bbox 758 3061 910 3124; x_wconf 79' lang='lat' dir='ltr'>ordinem.</span> <span class='ocrx_word' id='word_1_213' title='bbox 953 3059 1021 3125; x_wconf 89' lang='lat' dir='ltr'>lam</span> <span class='ocrx_word' id='word_1_214' title='bbox 1032 3065 1111 3125; x_wconf 76' lang='lat' dir='ltr'>vero</span> <span class='ocrx_word' id='word_1_215' title='bbox 1124 3059 1237 3123; x_wconf 87' lang='lat' dir='ltr'>codicis</span> <span class='ocrx_word' id='word_1_216' title='bbox 1258 3063 1333 3122; x_wconf 88' lang='lat' dir='ltr'>illius</span> 
     </span>
     <span class='ocr_line' id='line_1_28' title="bbox 292 3158 1332 3248; baseline 0.004 -28"><span class='ocrx_word' id='word_1_217' title='bbox 292 3158 438 3241; x_wconf 81' lang='lat' dir='ltr'>scriptura</span> <span class='ocrx_word' id='word_1_218' title='bbox 456 3179 521 3219; x_wconf 90' lang='lat' dir='ltr'>non</span> <span class='ocrx_word' id='word_1_219' title='bbox 540 3161 729 3240; x_wconf 89' lang='lat' dir='ltr'>sollicitanda</span> <span class='ocrx_word' id='word_1_220' title='bbox 748 3175 803 3226; x_wconf 80' lang='lat' dir='ltr'>est.</span> <span class='ocrx_word' id='word_1_221' title='bbox 854 3160 1039 3247; x_wconf 82' lang='lat' dir='ltr'>Quanquam</span> <span class='ocrx_word' id='word_1_222' title='bbox 1067 3172 1170 3224; x_wconf 87' lang='lat' dir='ltr'>autem</span> <span class='ocrx_word' id='word_1_223' title='bbox 1191 3164 1332 3248; x_wconf 85' lang='lat' dir='ltr'>plerique,</span> 
     </span>
     <span class='ocr_line' id='line_1_29' title="bbox 276 3259 1331 3350; baseline 0.009 -31"><span class='ocrx_word' id='word_1_224' title='bbox 276 3259 345 3345; x_wconf 63' lang='lat' dir='ltr'>,qui</span> <span class='ocrx_word' id='word_1_225' title='bbox 361 3259 480 3321; x_wconf 86' lang='lat' dir='ltr'>lexicon</span> <span class='ocrx_word' id='word_1_226' title='bbox 496 3259 680 3342; x_wconf 83' lang='lat' dir='ltr'>Diogeniani</span> <span class='ocrx_word' id='word_1_227' title='bbox 701 3265 805 3342; x_wconf 87' lang='lat' dir='ltr'>citant,</span> <span class='ocrx_word' id='word_1_228' title='bbox 827 3265 999 3327; x_wconf 82' lang='lat' dir='ltr'>breviorem</span> <span class='ocrx_word' id='word_1_229' title='bbox 1019 3268 1152 3328; x_wconf 82' lang='lat' dir='ltr'>formam</span> <span class='ocrx_word' id='word_1_230' title='bbox 1171 3264 1331 3350; x_wconf 79' lang='lat' dir='ltr'>adhibent:</span> 
     </span>
     <span class='ocr_line' id='line_1_30' title="bbox 292 3363 1331 3452; baseline 0.005 -29"><span class='ocrx_word' id='word_1_231' title='bbox 292 3373 364 3438; x_wconf 76' lang='lat' dir='ltr'>sunt</span> <span class='ocrx_word' id='word_1_232' title='bbox 377 3373 481 3426; x_wconf 87' lang='lat' dir='ltr'>tamen</span> <span class='ocrx_word' id='word_1_233' title='bbox 494 3365 573 3427; x_wconf 83' lang='lat' dir='ltr'>inter</span> <span class='ocrx_word' id='word_1_234' title='bbox 591 3385 644 3427; x_wconf 89' lang='lat' dir='ltr'>eos</span> <span class='ocrx_word' id='word_1_235' title='bbox 661 3363 770 3444; x_wconf 84' lang='lat' dir='ltr'>etiam,</span> <span class='ocrx_word' id='word_1_236' title='bbox 793 3367 844 3451; x_wconf 90' lang='lat' dir='ltr'>qui</span> <span class='ocrx_word' id='word_1_237' title='bbox 865 3366 1089 3452; x_wconf 87' lang='lat' dir='ltr'>diphthongum</span> <span class='ocrx_word' id='word_1_238' title='bbox 1108 3369 1331 3452; x_wconf 78' lang='lat' dir='ltr'>amplectantru,</span> 
     </span>
    </p>
   </div>
   <div class='ocr_carea' id='block_1_7' title="bbox 195 3465 1332 3554">
    <p class='ocr_par' dir='ltr' id='par_1_9' title="bbox 195 3465 1332 3554">
     <span class='ocr_line' id='line_1_31' title="bbox 195 3465 1332 3554; baseline 0.005 -29"><span class='ocrx_word' id='word_1_239' title='bbox 195 3484 196 3488; x_wconf 48' lang='lat'>¹</span> <span class='ocrx_word' id='word_1_240' title='bbox 292 3477 328 3526; x_wconf 86' lang='lat' dir='ltr'>ut</span> <span class='ocrx_word' id='word_1_241' title='bbox 356 3467 568 3546; x_wconf 81' lang='lat' dir='ltr'>grammaticus</span> <span class='ocrx_word' id='word_1_242' title='bbox 597 3465 676 3552; x_wconf 88' lang='lat' dir='ltr'>apud</span> <span class='ocrx_word' id='word_1_243' title='bbox 699 3466 950 3548; x_wconf 88' lang='lat' dir='ltr'>Bachmannum,</span> <span class='ocrx_word' id='word_1_244' title='bbox 978 3468 1121 3532; x_wconf 84' lang='lat' dir='ltr'>Anecdd</span> <span class='ocrx_word' id='word_1_245' title='bbox 1143 3467 1188 3548; x_wconf 89' lang='lat' dir='ltr'>II,</span> <span class='ocrx_word' id='word_1_246' title='bbox 1210 3491 1241 3554; x_wconf 92' lang='lat' dir='ltr'>p.</span> <span class='ocrx_word' id='word_1_247' title='bbox 1262 3469 1332 3534; x_wconf 82' lang='lat'><strong>466.</strong></span> 
     </span>
    </p>
   </div>
   <div class='ocr_carea' id='block_1_8' title="bbox 272 3565 1333 4169">
    <p class='ocr_par' dir='ltr' id='par_1_10' title="bbox 272 3565 1333 4169">
     <span class='ocr_line' id='line_1_32' title="bbox 288 3565 1333 3658; baseline 0.005 -30"><span class='ocrx_word' id='word_1_248' title='bbox 288 3565 349 3628; x_wconf 80' lang='lat' dir='ltr'>Est</span> <span class='ocrx_word' id='word_1_249' title='bbox 368 3569 457 3646; x_wconf 82' lang='lat' dir='ltr'>igitur</span> <span class='ocrx_word' id='word_1_250' title='bbox 475 3571 551 3632; x_wconf 90' lang='lat' dir='ltr'>haec</span> <span class='ocrx_word' id='word_1_251' title='bbox 571 3569 730 3634; x_wconf 76' lang='lat' dir='ltr'>difficultas</span> <span class='ocrx_word' id='word_1_252' title='bbox 748 3593 812 3634; x_wconf 91' lang='lat' dir='ltr'>non</span> <span class='ocrx_word' id='word_1_253' title='bbox 837 3591 957 3653; x_wconf 83' lang='lat' dir='ltr'>magna.</span> <span class='ocrx_word' id='word_1_254' title='bbox 1005 3571 1128 3634; x_wconf 89' lang='lat' dir='ltr'>Etenim</span> <span class='ocrx_word' id='word_1_255' title='bbox 1148 3571 1333 3658; x_wconf 85' lang='lat' dir='ltr'>grammatici</span> 
     </span>
     <span class='ocr_line' id='line_1_33' title="bbox 294 3666 1333 3760; baseline 0.003 -28"><span class='ocrx_word' id='word_1_256' title='bbox 294 3678 325 3729; x_wconf 90' lang='lat' dir='ltr'>et</span> <span class='ocrx_word' id='word_1_257' title='bbox 337 3666 457 3732; x_wconf 86' lang='lat' dir='ltr'>codices</span> <span class='ocrx_word' id='word_1_258' title='bbox 469 3671 614 3736; x_wconf 88' lang='lat' dir='ltr'>librorum</span> <span class='ocrx_word' id='word_1_259' title='bbox 628 3686 751 3760; x_wconf 87' lang='lat' dir='ltr'>propter</span> <span class='ocrx_word' id='word_1_260' title='bbox 762 3676 941 3737; x_wconf 89' lang='lat' dir='ltr'>elocutionis</span> <span class='ocrx_word' id='word_1_261' title='bbox 952 3673 1101 3736; x_wconf 90' lang='lat' dir='ltr'>rationem</span> <span class='ocrx_word' id='word_1_262' title='bbox 1112 3693 1205 3758; x_wconf 88' lang='lat' dir='ltr'>saepe</span> <span class='ocrx_word' id='word_1_263' title='bbox 1218 3675 1333 3738; x_wconf 86' lang='lat' dir='ltr'>variant</span> 
     </span>
     <span class='ocr_line' id='line_1_34' title="bbox 276 3767 1333 3863; baseline 0.006 -31"><span class='ocrx_word' id='word_1_264' title='bbox 276 3779 326 3840; x_wconf 82' lang='lat' dir='ltr'>.in</span> <span class='ocrx_word' id='word_1_265' title='bbox 339 3767 443 3830; x_wconf 83' lang='lat' dir='ltr'>litteris</span> <span class='ocrx_word' id='word_1_266' title='bbox 457 3791 486 3834; x_wconf 83' lang='grc' dir='ltr'>ει</span> <span class='ocrx_word' id='word_1_267' title='bbox 507 3785 538 3835; x_wconf 85' lang='lat' dir='ltr'>et</span> <span class='ocrx_word' id='word_1_268' title='bbox 557 3796 570 3838; x_wconf 84' lang='grc' dir='ltr'><strong><em>ι</em></strong></span> <span class='ocrx_word' id='word_1_269' title='bbox 589 3777 756 3860; x_wconf 84' lang='lat' dir='ltr'>ponendis:</span> <span class='ocrx_word' id='word_1_270' title='bbox 779 3789 809 3840; x_wconf 88' lang='lat' dir='ltr'>et</span> <span class='ocrx_word' id='word_1_271' title='bbox 827 3779 987 3839; x_wconf 80' lang='lat' dir='ltr'>inhaere</span> <span class='ocrx_word' id='word_1_272' title='bbox 1005 3776 1043 3837; x_wconf 90' lang='lat' dir='ltr'>ab</span> <span class='ocrx_word' id='word_1_273' title='bbox 1056 3777 1333 3863; x_wconf 79' lang='lat' dir='ltr'>etymologiepen-</span> 
     </span>
     <span class='ocr_line' id='line_1_35' title="bbox 291 3870 1332 3961; baseline 0.005 -28"><span class='ocrx_word' id='word_1_274' title='bbox 291 3870 383 3952; x_wconf 80' lang='lat' dir='ltr'>dent3</span> <span class='ocrx_word' id='word_1_275' title='bbox 406 3875 488 3938; x_wconf 86' lang='lat' dir='ltr'>cuius</span> <span class='ocrx_word' id='word_1_276' title='bbox 502 3874 732 3958; x_wconf 83' lang='lat' dir='ltr'>diversas&#39;leges</span> <span class='ocrx_word' id='word_1_277' title='bbox 746 3877 857 3942; x_wconf 82' lang='lat' dir='ltr'>diversi</span> <span class='ocrx_word' id='word_1_278' title='bbox 870 3888 1042 3961; x_wconf 88' lang='lat' dir='ltr'>sequuntur.</span> <span class='ocrx_word' id='word_1_279' title='bbox 1084 3877 1130 3942; x_wconf 86' lang='lat' dir='ltr'>Ita</span> <span class='ocrx_word' id='word_1_280' title='bbox 1147 3879 1332 3940; x_wconf 83' lang='lat' dir='ltr'>substantiva</span> 
     </span>
     <span class='ocr_line' id='line_1_36' title="bbox 291 3965 1331 4064; baseline 0.005 -29"><span class='ocrx_word' id='word_1_281' title='bbox 291 3975 322 4035; x_wconf 90' lang='lat' dir='ltr'>in</span> <span class='ocrx_word' id='word_1_282' title='bbox 338 3973 382 4038; x_wconf 73' lang='lat' dir='ltr'>la</span> <span class='ocrx_word' id='word_1_283' title='bbox 402 3973 504 4038; x_wconf 75' lang='lat' dir='ltr'>et&#39;eloe</span> <span class='ocrx_word' id='word_1_284' title='bbox 523 3981 705 4059; x_wconf 77' lang='lat' dir='ltr'>formanmr,</span> <span class='ocrx_word' id='word_1_285' title='bbox 733 3981 761 4042; x_wconf 91' lang='lat' dir='ltr'>si</span> <span class='ocrx_word' id='word_1_286' title='bbox 783 3982 823 4043; x_wconf 87' lang='lat' dir='ltr'>ab</span> <span class='ocrx_word' id='word_1_287' title='bbox 841 3977 996 4043; x_wconf 86' lang='lat' dir='ltr'>adiectivis</span> <span class='ocrx_word' id='word_1_288' title='bbox 1018 3980 1051 4041; x_wconf 93' lang='lat' dir='ltr'>in</span> <span class='ocrx_word' id='word_1_289' title='bbox 1069 4001 1110 4064; x_wconf 72' lang='grc' dir='ltr'>ης</span> <span class='ocrx_word' id='word_1_290' title='bbox 1127 3965 1331 4043; x_wconf 72' lang='lat' dir='ltr'>desinentibus</span> 
     </span>
     <span class='ocr_line' id='line_1_37' title="bbox 272 4075 1330 4169; baseline 0.008 -27"><span class='ocrx_word' id='word_1_291' title='bbox 272 4075 494 4157; x_wconf 86' lang='lat' dir='ltr'>descendunt,</span> <span class='ocrx_word' id='word_1_292' title='bbox 518 4081 570 4142; x_wconf 89' lang='lat' dir='ltr'>cfr.</span> <span class='ocrx_word' id='word_1_293' title='bbox 592 4078 707 4154; x_wconf 79' lang='lat' dir='ltr'>Buttm.</span> <span class='ocrx_word' id='word_1_294' title='bbox 726 4081 872 4146; x_wconf 75' lang='lat' dir='ltr'>ausitihrl.</span> <span class='ocrx_word' id='word_1_295' title='bbox 894 4102 935 4162; x_wconf 83' lang='lat' dir='ltr'>gr.</span> <span class='ocrx_word' id='word_1_296' title='bbox 956 4077 1008 4146; x_wconf 84' lang='lat' dir='ltr'>Gr.</span> <span class='ocrx_word' id='word_1_297' title='bbox 1022 4080 1069 4162; x_wconf 88' lang='lat' dir='ltr'>II,</span> <span class='ocrx_word' id='word_1_298' title='bbox 1093 4103 1123 4169; x_wconf 87' lang='lat' dir='ltr'>p.</span> <span class='ocrx_word' id='word_1_299' title='bbox 1141 4088 1214 4163; x_wconf 77' lang='lat'>328,</span> <span class='ocrx_word' id='word_1_300' title='bbox 1236 4082 1330 4145; x_wconf 74' lang='lat' dir='ltr'>Antu-</span> 
     </span>
    </p>
   </div>
   <div class='ocr_carea' id='block_1_9' title="bbox 0 0 1461 4816">
    <p class='ocr_par' dir='ltr' id='par_1_11' title="bbox 0 0 1461 4816">
     <span class='ocr_line' id='line_1_38' title="bbox 0 0 1461 4816; baseline 0 0"><span class='ocrx_word' id='word_1_301' title='bbox 0 0 1461 4816; x_wconf 95' lang='lat' dir='ltr'> </span> 
     </span>
    </p>
   </div>
  </div>
 </body>
</html>
