2894 4816
285 481 374 586 dere,
396 481 465 590 quia
478 501 562 591 apud
577 483 658 569 hunc
676 524 783 567 avoce
805 498 926 586 ἔγραψα
947 500 1049 590 coepit
1059 499 1184 580 Suidas‘,
1206 509 1238 562 et
1252 489 1336 584 p'ro-

284 617 387 694 pterea
401 607 577 672 accusativis
596 609 642 670 uti
654 593 794 670 debebat.
836 605 882 670 Ita
903 615 975 689 post
1005 600 1104 684 „aspi
1129 598 1306 684 στοιχείων
1317 590 1340 630 “

286 707 518 791 adiungerentur
552 707 651 790 „aspi
679 708 839 791 ποταμοῖν
866 701 951 772 κατὰ
980 701 1141 789 στοιχεῖον
1169 695 1341 786 ἐπίτομον

286 804 501 894 ἅναρῖραφὴν·
524 806 721 895 ονναρωρὴν
741 805 943 902 καὶγαίνααα
963 810 1031 874 τῶν
1052 804 1088 872 ἐν
1108 800 1197 890 πάσῃ
1218 807 1259 888 τῇ
1284 811 1338 888 νῇ

285 907 414 976 πόλεων
440 908 497 977 καὶ
523 908 564 978 τοὶ
582 907 728 993 λοοττά.“,
757 933 816 998 qua
836 911 952 975 ratione
971 911 1063 973 simul
1080 910 1133 971 illa
1153 907 1335 978 diffimitas,
1442 973 1443 986 ρ

286 1035 364 1098 quae
378 1035 418 1076 ex
430 1013 544 1100 duplici
560 1011 662 1098 „aspi
681 1013 867 1098 αοταμοῖν“
888 1023 953 1076 orta
965 1023 1026 1092 est,
1047 1013 1113 1076 sine
1130 1014 1192 1074 ulta
1204 1022 1335 1074 conno-

286 1117 384 1181 versia
397 1118 520 1180 tollitur.
608 1133 614 1142 “
1080 1139 1083 1146 ’

371 1216 532 1280 Attamen·
545 1215 685 1280 nondum
715 1217 787 1280 huic
813 1216 1009 1303 disputationi
1033 1215 1164 1280 modum
1196 1227 1335 1280 statuere

286 1341 423 1406 possum.
465 1320 682 1386 Novamenim
699 1341 798 1405 nuper
807 1318 928 1384 Bastius
949 1321 1090 1385 excitavit
1111 1319 1334 1398 dianensem,

288 1420 393 1483 codice
414 1421 527 1486 Suidae
553 1422 688 1486 Parisino
701 1413 907 1507 ¹comparato,
942 1421 976 1484 in
1007 1413 1156 1508 qu0=atia
1178 1423 1334 1517 legrmtur,
1441 1499 1443 1504 ,

287 1543 380 1608 quam
404 1545 481 1610 quae
497 1523 631 1588 Aldinus
650 1526 730 1606 liber,
750 1535 907 1588 monstrat.
957 1523 1021 1587 Sed
1044 1520 1116 1586 audi
1137 1523 1252 1607 ipsum,
1286 1519 1335 1582 ad

274 1621 379 1706 θοοῖς.
401 1626 537 1691 Corinth.
567 1651 598 1714 p.
620 1627 692 1695 242.
731 1625 913 1706 '„Ccterum
939 1624 979 1688 de
1002 1637 1109 1688 nostro
1135 1611 1333 1704 Diogeniano

280 1727 398 1816 ,suidas
418 1732 494 1812 agit,
521 1731 576 1794 ubi
594 1732 626 1793 in
646 1730 780 1818 editione
800 1729 997 1807 Kusteriana,
1019 1725 1145 1814 perinde
1161 1727 1240 1788 utin
1256 1725 1334 1789 Me-
1443 1735 1444 1738 ’

230 1860 234 1866 ·
289 1829 473 1911 diolanensi,
501 1845 626 1920 propter
644 1827 1030 1917 o‘pococdieutottinteger
1051 1829 1190 1890 amanus
1207 1826 1334 1908 excidit,

288 1934 383 2018 quem
396 1934 465 1998 data
477 1937 534 1998 hac
551 1937 711 1999 occasione
731 1957 771 1998 ex
789 1933 858 1997 cod.
871 1934 963 1997 Paris.
977 1929 1072 1998 2625.
1084 1931 1128 1994 sic
1148 1933 1299 2018 supplebo

453 2033 645 2119 „Arupinis
665 2031 908 2120 εὐγενέστατον.

452 2131 702 2220 Διογεντιανός·
738 2133 932 2219 Ἡρακλείας
965 2132 1115 2202 Πόντου·
1150 2153 1334 2218 γραμματι-

291 2242 293 2248 ’
372 2231 446 2315 τὰς,
468 2233 613 2322 γεγονώς
634 2234 686 2304 ἐπὶ
705 2233 880 2322 Ἀδριανοῦ
901 2235 1068 2328 βασιλέας.

339 2375 342 2382 ·
451 2335 699 2425 Διογενειανός·
730 2337 925 2425 Ἡρακλείας
946 2336 1072 2424 ἑτέρας,
1096 2333 1139 2404 ori
1159 2339 1218 2422 τῆς
1239 2332 1334 2403 Πόν-

372 2461 447 2506 τον·
476 2437 716 2527 γραμματικός·
748 2440 893 2528 γεγονώς
921 2439 977 2509 καὶ
1000 2435 1101 2517 αὐτὸς
1117 2436 1180 2506 eat
1204 2435 1334 2524 Ἀδρια-

370 2545 435 2610 νοῦ
463 2539 631 2629 βασιλέως.
658 2541 850 2614 ἐπιστατέον
870 2543 905 2612 di
926 2539 1051 2631 μήποτε
1071 2555 1128 2607 etc.
1146 2581 1185 2592 -
1200 2533 1244 2628 ἦν
1263 2540 1332 2628 γὰρ

371 2635 471 2725 οὗτος
492 2653 650 2725 παντοῖος
670 2645 794 2734 λόγος“
817 2660 884 2712 cett.
1188 2638 1191 2644 ’

286 2747 366 2813 Tota
378 2771 480 2814 rerum
493 2752 603 2831 facies,
621 2753 670 2815 his
690 2753 833 2838 repertis,
854 2759 1005 2830 mutatur3
1028 2743 1121 2834 quare
1141 2751 1256 2813 vellem
1266 2747 1334 2810 Ba-
1444 2744 1445 2766 ³

285 2851 360 2915 stius
371 2855 527 2939 sequentia
545 2876 609 2916 non
625 2856 889 2941 praemisisset,
911 2852 967 2916 sed
986 2853 1197 2938 proposuisset
1207 2852 1332 2932 omnia,

285 2972 363 3034 quae
376 2953 621 3035 deltiogeniano
640 2956 674 3019 in
692 2959 752 3041 ¹illo
774 2957 895 3036 codice,
917 2955 970 3041 qui
988 2953 1072 3016 haud
1087 2953 1181 3015 dubie
1195 2948 1334 3040 optimae

284 3065 376 3116 notae
389 3067 443 3134 est,
456 3070 639 3121 enarrantur.
681 3061 760 3122 Mira
770 3063 907 3147 profecto
918 3069 964 3122 est
978 3057 1135 3122 diversitas
1147 3048 1332 3142 scripturae3

284 3162 316 3214 et
329 3175 502 3240 quanquam
523 3157 645 3239 Bastio,
668 3162 751 3246 quod
777 3161 874 3224 codex
892 3161 1044 3250 Parisinus
1067 3161 1176 3240 habet,
1205 3161 1333 3224 verissi-

283 3277 370 3320 mum
385 3279 452 3322 esse
465 3260 599 3340 videtur,
620 3263 698 3324 mihi
716 3275 818 3325 tamen
831 3263 1034 3326 dubitationes
1057 3273 1143 3325 natas
1163 3283 1233 3326 esse
1256 3285 1333 3324 con-

282 3361 378 3424 fiteor.
427 3362 508 3426 Nam
527 3365 554 3427 si
574 3357 700 3430 Bastius¹
717 3367 787 3430 voci
812 3358 913 3440 αὐτός
941 3367 1057 3444 nititur,
1080 3386 1159 3450 quae
1178 3362 1254 3449 quid
1272 3365 1332 3428 sibi

282 3465 371 3543 velit,
395 3486 435 3528 ex
456 3467 521 3531 eins
539 3469 703 3549 sententia,
724 3491 818 3532 nemo
839 3469 928 3531 facile
946 3466 1126 3553 peispiciatc
1146 3464 1180 3527 id
1203 3466 1333 3552 quidem

281 3585 412 3627 menon
429 3569 521 3633 valde
545 3583 666 3653 movet3
687 3583 793 3658 utpote
820 3572 872 3657 qui
892 3570 1004 3647 sciam,
1027 3587 1097 3630 eam
1115 3589 1227 3632 vocem
1246 3565 1333 3654 apud

282 3662 410 3728 Suidam
421 3690 485 3732 non
496 3695 565 3736 raro
585 3673 689 3755 adiici,
710 3676 764 3738 ubi
783 3674 857 3760 quid
877 3673 936 3738 sibi
955 3672 1045 3750 velit,
1065 3691 1129 3732 non
1147 3681 1195 3732 est
1209 3672 1331 3756 perspi-

281 3787 389 3846 cuum,
415 3771 559 3836 nimirum
575 3777 647 3859 quia
669 3779 730 3840 atio
748 3778 927 3840 ordine-res
947 3794 1015 3838 sese
1034 3773 1204 3858 excipiunt,
1235 3793 1330 3858 qaiam
1443 3853 1445 3858 Ι

269 3890 340 3954 quo
353 3871 484 3956 primum
501 3877 628 3961 scriptae
645 3891 738 3962 erant.
781 3877 846 3964 Sed
864 3877 963 3940 maius
984 3888 1046 3955 est,
1068 3873 1152 3962 quod
1173 3876 1200 3937 si
1215 3874 1329 3939 Parisi-

278 3994 355 4035 num
372 3971 510 4038 codicem
533 3981 701 4062 sequimur,
735 3979 847 4068 Suidae
872 3978 951 4041 dicta
974 4001 1038 4041 non
1059 3978 1132 4041 satis
1150 3990 1220 4064 apta
1244 3989 1324 4042 sunt.

278 4071 399 4154 Quodsi
422 4079 505 4144 enim
525 4081 736 4162 grammaticus
758 4081 864 4168 ῥητῶς
884 4083 962 4146 hanc
976 4082 1035 4147 sibi
1046 4093 1125 4146 stare
1141 4082 1325 4144 sententiam
