2894 4816
1118 383 1161 448 Π

115 551 214 638 νοιαν
245 551 337 632 τέλος
358 546 574 638 πιριέχουοαν
601 550 657 619 acl
677 549 739 636 τιὶυ
768 548 996 638 φράσαιμεν
1021 553 1083 618 τοῦ
1107 553 1159 620 δο-

116 658 218 741 κίμου
241 660 341 741 σαφῆ.
389 659 468 734 Ταῖς
483 655 536 742 ¹⁹)
559 657 753 742 παροιμίαις
783 652 977 724 ἀποδέδωκα
1004 651 1064 732 τοὶς
1081 650 1161 722 ύπο-

116 755 239 835 θέσεις·
273 757 329 824 ιιαί
350 761 418 824 cciv
446 756 609 826 πλειόνων
636 755 754 838 λέξεων
783 757 840 824 ιιαί
862 758 1007 834 σπανίως
1036 755 1161 842 είρημί-

117 863 265 940 νωνέθ),
289 855 330 926 ού
350 857 456 944 μόνον
479 858 592 928 adasa
620 865 688 948 cciv
712 851 928 948 χρησαμένων
948 856 990 924 τοὶ
1014 855 1162 945 ὀνόματα

116 961 368 1048 προργίγραφα,
389 959 473 1030 ἀλλὰ
494 965 549 1031 aci
571 965 630 1045 πέρ
649 957 845 1050 ἐπιγραφάς·
879 958 1015 1028 πάντων
1031 963 1079 1046 ²²)
1102 959 1162 1048 μέν

118 1061 185 1132 siud
208 1087 275 1132 τιιν
294 1059 507 1151 δντιγρύφων
527 1067 729 1162 apocalama,
752 1063 904 1149 ούδαμού
916 1063 952 1131 δέ
968 1068 1086 1129 πονεῖν
1100 1083 1161 1130 πα-

118 1162 373 1254 ραιτησάμενος,
411 1167 456 1247 ούς
481 1166 525 1236 δν
552 1167 597 1254 μη“
628 1168 685 1235 καὶ
706 1164 806 1245 αὐτὸς
819 1166 873 1254 ²²)
908 1164 1030 1252 μέμψιν
1061 1163 1162 1252 ὀφλη-

117 1285 212 1355 οοιμι
239 1269 372 1346 δικαίως
399 1269 473 1338 τινα
500 1271 556 1338 καί
579 1266 629 1349 οἷς
651 1269 778 1356 ἐγκαλῶ
800 1272 1006 1358 Διογενιανῷ
1022 1289 1162 1336 πεπτω-

114 1368 187 1458 nois
202 1373 252 1453 ²³)
276 1373 423 1458 φανείην.
468 1374 538 1443 Kal
546 1371 723 1462 πληρούοας
743 1371 804 1460 τὴν
823 1373 1058 1460 πραγματείαν,
1081 1369 1163 1462 ὅσον

115 1677 202 1752 terum
223 1667 375 1754 locutipncm
396 1663 477 1752 μέλος
501 1667 634 1742 περιέχειν
660 1669 789 1725 insolitam
814 1686 889 1750 esse?
916 1685 989 1725 nemo
1015 1687 1066 1724 nou
1084 1667 1163 1726 videt.

115 1741 245 1877 sequddgr
257 1737 499 1862 έέηέδδέδέέιΜοε.
518 1813 580 1870 ταῖς
599 1827 627 1863 τε
644 1829 674 1862 π.
693 1814 799 1880 praeter
818 1807 1007 1862 necessitatem.
1047 1810 1077 1863 Si
1102 1809 1164 1878 quid

116 1877 289 1932 adiiciendum
308 1883 363 1941 est,
382 1873 413 1930 δέ
430 1877 554 1946 eligemus
571 1878 665 1947 potius.

124 1997 126 2004 ,
188 1947 237 2015 ²⁰)
256 1945 328 2000 llaec
352 1947 434 1998 verba
455 1945 613 2016 interpretes
639 1948 804 2001 vehementer
821 1948 956 1998 vexarunt·
999 1945 1165 2010 ‚‚Sensus‚“

116 2017 159 2072 ait
183 2015 325 2079 Kustcrus,
361 2032 442 2079 „cum
470 2015 663 2073 constructione
685 2016 729 2070 hic
753 2014 890 2068 claudicat.
935 2013 1024 2076 Quare
1047 2016 1164 2068 rescribo

116 2085 169 2142 καί
187 2089 247 2149 ταῖς
271 2084 378 2139 πλείοσι
399 2086 456 2138 τῶν
477 2083 576 2151 λέξεων
602 2085 649 2139 καί
674 2087 806 2148 succinae
832 2081 1024 2153 είρημέναις.“
1065 2085 1165 2140 Hemst.

117 2161 213 2211 contra
227 2153 376 2220 „uitiosae
403 2171 435 2208 uo
449 2153 522 2206 nodo
532 2156 685 2209 conveniant
702 2173 758 2207 cum
776 2157 899 2215 σπανίως
912 2152 1090 2221 είρημέναιρί
1107 2153 1166 2222 lege

116 2225 267 2288 παλαιῶν,
291 2241 369 2294 quum
385 2171 509 2292 drequens
525 2225 595 2292 apud
611 2224 793 2294 grammaticos
810 2221 915 2276 παλαιοί
932 2223 1002 2289 λέξις
1018 2223 1100 2276 dictio
1117 2240 1165 2273 ve·
1253 2233 1258 2237 ·

117 2299 193 2356 tosta
209 2301 238 2348 et
253 2293 375 2358 insolita,
393 2308 463 2361 quae
473 2292 560 2346 rarius
577 2295 706 2346 occurrat.
743 2292 857 2350 Holmoi
874 2291 945 2358 λέξις
963 2293 1079 2356 lexicon,
1096 2293 1166 2362 quod

117 2369 224 2420 vetusta
240 2361 367 2417 vocabula
383 2360 534 2414 declaret.“
578 2363 676 2417 Albert.
699 2361 812 2431 danique
840 2400 857 2427 ,,
868 2361 985 2432 Alioquin
1002 2377 1092 2414 sensus
1109 2361 1166 2412 fue-

117 2435 171 2498 rit,
196 2450 224 2487 se
266 2431 363 2485 lurimis
384 2429 492 2483 vocibus
513 2436 540 2483 et
563 2429 591 2482 in
611 2429 703 2514 primis
720 2431 865 2484 rarioribus
889 2431 1071 2484 auctoritatem
1090 2429 1166 2483 addi·
1199 2493 1202 2500 ,

118 2500 199 2556 disse.
258 2508 357 2555 eteruru
375 2499 416 2552 vel
434 2499 633 2552 constructionis
650 2499 746 2552 oblivio
769 2499 795 2552 iu
812 2500 852 2553 his
871 2499 1032 2553 admittenda
1049 2504 1099 2562 est,
1124 2499 1166 2551 vel

119 2570 230 2626 Kasteri
248 2569 400 2623 emendatio.
411 2572 430 2600 “
472 2569 547 2622 Haec
561 2568 678 2638 exemplo
696 2567 825 2622 inservire
843 2573 958 2638 possunt,
976 2585 1026 2638 quo
1045 2567 1168 2620 ostenda-

119 2651 181 2706 tur,
206 2658 286 2710 saepe
309 2637 470 2692 doctissimos
494 2639 623 2702 homines,
646 2637 668 2692 si
692 2639 789 2706 primus
815 2637 952 2691 veritatem
978 2654 1029 2689 non
1052 2635 1169 2704 agnovit,
1270 2694 1274 2703 1

120 2711 232 2765 alterum
254 2709 287 2762 ab
311 2708 393 2762 altero
412 2707 467 2760 ialli
486 2711 513 2760 et
531 2706 626 2777 decipi.
661 2705 729 2758 Sunt
746 2704 811 2760 enim
830 2705 956 2776 genitivi,
980 2722 1047 2774 quos
1064 2711 1169 2770 vocant,

120 2778 250 2843 absoluti,
273 2777 359 2847 „quia
377 2775 503 2846 plurimae
517 2793 595 2831 voces
616 2775 689 2828 simul
707 2783 768 2828 sunt
785 2792 845 2830 raro
864 2775 988 2839 dictac,“
1015 2774 1105 2842 itaque
1122 2791 1169 2827 ve-

73 2883 77 2889 ·
119 2857 208 2904 terum
223 2846 371 2900 testimonia
394 2846 538 2930 requirunt.
579 2845 655 2908 Quae
677 2849 764 2898 autem
788 2843 910 2914 legimus,
939 2843 980 2897 his
1006 2841 1170 2912 explicantur

14 2963 15 2968 ,
121 2924 152 2974 et
167 2917 298 2987 explicant
314 2917 380 2969 haec
395 2913 516 2968 vicissim.
552 2913 646 2982 Λέξεις
663 2910 753 2968 πολλοὶ
770 2909 961 2984 σημαινούοαρ
973 2914 1073 2967 omnino
1092 2927 1169 2983 prae·

121 2986 228 3042 teriisse
250 2990 295 3040 aut
319 2985 441 3053 attigisse
465 2983 594 3038 levissime
621 2984 798 3054 Diogenianus
826 2984 994 3056 perhibetur3
1029 2987 1170 3056 propterea

124 3073 171 3112 eas
187 3057 236 3109 hoc
253 3056 311 3108 loco
328 3071 379 3106 non
397 3053 496 3123 attigit.

193 3126 238 3192 ²¹)
255 3122 368 3180 πάντων
391 3122 473 3176 codex
497 3131 523 3176 et
547 3125 645 3178 lliusur.
687 3123 816 3178 Immerito
842 3122 992 3178 sollicitavit
1016 3123 1171 3194 scripturam

123 3193 225 3248 Albcrti
243 3200 271 3247 et
288 3195 352 3246 duas
369 3191 505 3262 proposuit
522 3193 691 3256 coniecturas,
711 3199 758 3246 aut
775 3188 846 3256 „vole
866 3189 908 3246 έπ·
925 3193 1039 3248 πάντων
1054 3195 1111 3262 (sc.
1128 3194 1171 3263 βι-

123 3265 232 3334 βλίων)
256 3261 300 3317 οἷοί
318 3263 375 3316 τοῖν
396 3258 578 3332 ἀντιγράφων
600 3263 651 3330 μέν
665 3263 846 3331 προςτιθείω*
865 3269 926 3327 ant,
943 3279 1033 3336 errore
1051 3279 1083 3314 ex
1101 3275 1171 3313 com-

125 3331 221 3404 pendio
240 3335 317 3395 nato,
343 3329 420 3398 „cola
440 3327 610 3402 έπιγραφδρ,
634 3331 726 3386 πάντα
746 3329 797 3401 μέν
814 3328 895 3386 οἲπδ“
910 3337 973 3385 cett.
1008 3332 1077 3384 Nam
1094 3325 1170 3382 ποίν-

123 3422 182 3456 ταν
194 3398 246 3468 μέν
259 3407 286 3452 et
303 3397 434 3468 οὐδαμοῦ
447 3398 478 3456 δέ
491 3407 657 3474 opponuntur
675 3401 740 3468 sibi3
758 3399 873 3456 πάντων
893 3406 978 3454 autem
996 3417 1043 3486 pro
1060 3395 1172 3462 πάντας

125 3469 205 3542 poni,
227 3465 289 3521 vide
310 3469 339 3522 in
360 3470 417 3539 ipso
444 3471 509 3524 libro
536 3469 661 3541 Hesychii
686 3473 728 3536 ll,
771 3472 859 3528 .855.
884 3470 942 3522 Alb.
984 3467 1110 3534 Srmiliter
1128 3484 1172 3539 ap.

127 3541 211 3607 Greg.
230 3535 345 3589 Corinth.
362 3557 388 3608 p.
405 3541 448 3593 7³.
467 3537 508 3590 ed.
526 3539 629 3595 Schael.
657 3534 695 3602 oie
713 3490 769 3596 τιαέ
782 3534 858 3609 τιαροὶ
877 3539 1039 3608 Θουκυδίδῃ
1058 3535 1173 3591 πάντων

126 3605 177 3678 μέν
191 3603 318 3694 μύλιοτμ·
331 3603 361 3660 έν
379 3607 413 3678 τῇ
437 3601 561 3694 η’γδύη.“
579 3609 682 3706 “Quum
699 3618 783 3664 autem
800 3609 947 3696 Steplpanps
965 3628 980 3663 e
997 3607 1053 3695 cod.
1072 3607 1174 3708 dederit

129 3694 300 3802 ἰδὶἵξέέέέέ
317 3671 1174 3820 ’δέξοίἶίῖἶέέῖεαέὲέέὰπ”.ἴένίέίηίξύι’..έαδῗέεἶύέι

130 3819 212 3888 Grag.
231 3815 323 3868 Corint
344 3816 502 3870 ‚Schaciem
521 3833 548 3884 p.
567 3816 628 3870 313.
668 3813 700 3870 τδ
716 3814 820 3880 παντὸς
843 3815 986 3884 ὀξύνεται·
1014 3815 1079 3887 ἠδέ
1098 3811 1173 3870 ποίν-

130 3905 185 3940 των
198 3879 289 3956 γενικὴ
305 3885 472 3954 βαρύνεται·
492 3881 575 3938 ένθεν
587 3881 635 3940 καί
647 3883 679 3940 τδ
696 3881 780 3941 caela
795 3883 935 3959 ἐπίρρημα
949 3885 1175 3960 οαμβαρύνεταύ*

132 3961 192 4010 cett.
199 3955 323 4055 ²²I’ostpa
334 3955 471 4077 tacitedad
487 3951 601 4040 μανέντων
614 3955 717 4009 transit
866 4027 874 4044 ·

199 4023 248 4162 ί
265 4041 548 4163 diffiniti
571 4025 640 4146 lii
655 4023 1174 4166 “tillidi“tilltl‘tll‘lt

134 4160 242 4234 simplici
257 4156 408 4226 nantoade
436 4159 490 4230 „lu
510 4159 622 4226 coricum
639 4110 726 4228 αέτδς
742 4162 923 4229 πεπταιιιοίω*
943 4165 1022 4219 nimia
1039 4161 1173 4218 audacter.
