2894 4816
1125 369 1168 438 18

118 540 254 607 eundem
274 539 513 629 reprehendunt,
536 553 568 604 ut
588 539 713 606 Florem
734 537 937 623 Christianus,
965 540 1018 628 qui
1035 539 1075 604 ad
1092 539 1166 604 Ari-

118 639 220 732 stoph.
228 643 298 707 Pac.
305 666 335 709 v.
348 649 416 711 198.
431 667 530 731 neque
543 633 673 726 integras
687 665 754 708 esse
766 644 912 728 Hesychii
923 647 1054 726 glossas,
1068 665 1167 728 neque

118 769 243 833 semper
261 744 323 809 lide
345 747 452 828 dignas
472 747 633 834 perhibuit.
664 811 665 816 ,
683 744 774 811 Alios
793 760 826 809 ut
845 746 964 812 Abrah.
979 745 1166 825 hommum,

117 851 173 935 qui
193 848 232 912 ad
249 847 355 935 Steph.
369 849 498 933 Byzant.
522 872 553 914 v.
573 842 681 932 'Asela
702 850 892 931 Hesychium
912 871 980 914 sese
1002 849 1116 934 passim
1133 849 1166 913 iu

116 950 304 1037 oppidorum
335 953 393 1014 situ
424 965 455 1015 et
481 951 657 1016 nominibus
693 953 867 1038 imperitum
887 950 1016 1039 prodere
1042 949 1167 1028 dixerat,
1242 999 1245 1002 -

116 1053 333 1138 praetennitto.
376 1053 511 1116 Festinat
525 1054 609 1122 enim
622 1051 663 1115 ad
675 1051 850 1116 Bentleium
864 1054 1000 1132 auinaue,
1023 1052 1063 1117 dc
1084 1051 1167 1116 cuim

117 1155 279 1217 conatibus
299 1153 500 1220 Ruhnkenius
521 1157 554 1218 in
572 1156 760 1241 praefatione
779 1157 928 1237 Hesychii
951 1155 1050 1218 lexico
1079 1175 1167 1241 prae-

117 1255 231 1334 missa,
253 1255 344 1319 Tum.
359 1257 405 1337 ll,
427 1281 458 1344 p.
473 1258 533 1337 111,
555 1259 627 1322 satis
653 1258 814 1339 magnifice
843 1269 875 1320 et
900 1261 1053 1339 eleganter
1063 1256 1168 1343 dispu-

117 1359 206 1422 tavit.
248 1358 335 1421 Audi
348 1361 450 1446 ipsrun
466 1359 547 1440 „Ad
560 1363 639 1424 hanc
653 1368 719 1424 re'm
732 1357 947 1446 proferendam
957 1357 1168 1422 demonstran-

117 1459 254 1546 damque
277 1483 354 1548 opus
374 1475 439 1526 erat
453 1461 543 1525 docta
563 1461 708 1526 Richardi
726 1462 859 1525 Bentleii
878 1461 1019 1540 audacia,
1042 1482 1121 1548 quae
1141 1461 1168 1524 si

118 1583 256 1647 unquam
271 1564 362 1642 alias,
384 1567 435 1626 hic
452 1576 531 1628 certe
542 1567 632 1628 bouis
645 1566 737 1628 literis
752 1569 820 1652 plus
832 1566 960 1652 profuit,
982 1585 1074 1648 quam
1086 1564 1168 1626 iners
1216 1588 1220 1596 ⁴

119 1675 156 1726 et
166 1666 371 1756 superstitiosa
382 1669 557 1744 multorum,
572 1667 624 1751 qui
637 1669 729 1730 critici
740 1668 799 1731 dici
811 1668 976 1753 haberique
988 1669 1105 1745 volunt,
1119 1686 1168 1728 re-

119 1766 206 1845 ligio.
249 1765 382 1847 Isigitur
401 1769 503 1831 servili
518 1768 698 1833 credulitatis
718 1773 790 1850 iugo
805 1791 949 1847 excusso,
972 1766 1067 1830 edidit
1084 1768 1169 1830 illam

120 1865 166 1930 ad
182 1866 209 1928 J.
223 1866 355 1931 Millium
374 1867 560 1957 Epistolam‚
582 1873 720 1936 mirabile
738 1871 854 1951 ingenii
876 1882 906 1933 et
926 1868 1080 1932 doctrinae
1098 1889 1169 1930 mo-

120 1969 308 2058 nimentum,
331 1975 419 2055 quale
440 1973 590 2058 proticisci
610 1996 674 2035 non
693 1984 827 2059 poterat,
849 1971 908 2036 nisi
927 1968 1099 2055 aprincipe
1118 1989 1169 2032 se-

121 2073 185 2134 culi
206 2072 252 2134 sui
275 2070 463 2138 Criticorum.
512 2075 550 2138 In
568 2078 626 2138 hac
648 2078 700 2140 ille
721 2078 848 2162 epistola
873 2096 944 2140 cum
970 2073 1028 2146 alia
1058 2069 1169 2151 docuit,

121 2195 204 2258 quae
224 2175 374 2260 plerisque
394 2176 517 2242 eruditis
537 2200 594 2240 nec
615 2179 809 2259 vigilantibus
828 2201 885 2242 nec
904 2174 1169 2241 somniantibusin

10 2357 12 2372 Ι
119 2289 261 2342 mentem
278 2280 449 2358 venissent,
472 2291 538 2342 tum
557 2281 763 2363 Hesychium,
786 2279 835 2341 cui
853 2279 925 2342 satis
946 2278 1085 2366 diutruna
1097 2297 1171 2362 peo-

122 2378 262 2443 catoiurn
280 2380 445 2466 impunitas
467 2383 640 2464 obtigisset,
670 2383 710 2446 ad
730 2404 872 2449 severum
899 2381 1014 2445 critices
1039 2381 1171 2459 tribunal

122 2483 237 2547 citavit.
279 2483 366 2546 Hanc
390 2497 494 2547 autem
513 2485 741 2558 accusationem
756 2495 841 2546 tanta
862 2483 895 2548 vi
915 2494 1170 2564 argumentorum,

121 2586 216 2650 tantis
244 2587 489 2650 testimoniomm
513 2588 610 2673 copiis
636 2587 790 2665 instruxit,
825 2596 860 2647 ut
888 2606 928 2647 ne
956 2589 1171 2649 obtrectatores

121 2686 250 2773 quidem
278 2689 419 2752 illius-
444 2701 548 2752 contra
575 2689 693 2753 hiscere
722 2701 774 2752 aut
796 2688 945 2770 Hesychii
971 2684 1172 2772 patrocinirun

12 2829 13 2832 =
122 2790 277 2875 suscipere
303 2788 457 2854 auderent
466 2791 485 2824 “
533 2790 584 2854 Ac
598 2794 740 2878 profecto
759 2790 953 2856 acerbissime
972 2789 1006 2850 in
1025 2781 1173 2867 Hesychii

122 2903 249 2980 peccata
261 2891 417 2956 Bentleius
432 2894 570 2958 invectus
594 2905 649 2958 est.
692 2893 773 2958 Nam
791 2914 883 2978 saepe
903 2890 1034 2976 loquitur
1054 2885 1094 2949 de
1112 2903 1172 2950 vo-

125 2995 241 3058 cabulis
262 2994 396 3081 undique
416 2997 558 3075 corrasis,
581 2993 621 3058 de
642 2991 926 3080 ὀνοματοθήρας,
948 2991 987 3054 de
1005 2986 1172 3052 conniven-

125 3098 208 3160 tibus
226 3098 378 3186 scriptoris
399 3099 510 3177 oculis,
538 3096 578 3160 de
599 3097 761 3184 pudendis.
771 3097 937 3174 erroribus,
958 3094 1067 3178 hisque
1087 3087 1173 3152 etsi-

125 3199 250 3264 milibus
272 3201 363 3264 uttan
387 3201 541 3264 conviciis.
589 3201 696 3286 Neque
722 3212 827 3264 tamen
852 3219 962 3264 verum
990 3204 1051 3273 est,
1089 3186 1173 3276 quod
1248 3279 1250 3285 y

124 3302 328 3367 Ruhnkenius
360 3303 416 3382 ait,
451 3325 560 3367 omnes
593 3323 654 3366 uno
681 3323 736 3366 ore
764 3301 974 3392 assensionem
999 3294 1173 3381 praebuisse

124 3404 280 3470 Bentleio.
331 3402 414 3467 Unus
436 3392 539 3468 autem
555 3427 628 3492 prae
650 3406 771 3484 ceteris,
798 3401 931 3466 Bentleii
950 3397 1082 3473 amictu,
1110 3392 1174 3454 Lu-

128 3505 262 3590 dolphus
292 3503 442 3568 Kusterus
468 3506 599 3570 eandem
627 3508 694 3570 iniit
722 3504 917 3594 cupidissime
937 3501 1038 3578 viam3
1073 3504 1119 3573 θ’ί,
1147 3492 1174 3558 ⁸1
1237 3548 1240 3554 .

126 3605 288 3673 Bentleius
302 3627 375 3690 erum
395 3617 558 3685 „autorem
573 3608 681 3687 exigua
694 3608 799 3689 fide‚“
821 3605 861 3670 ad
873 3599 1051 3669 Callimachi
1065 3600 1173 3677 fragm.

118 3713 159 3797 p.
201 3707 275 3774 358.
319 3707 556 3788 nominaverat,
609 3730 710 3793 neque
751 3713 818 3796 plus
861 3709 975 3772 habere
1014 3697 1174 3777 momenti,

129 3833 222 3899 quam
236 3809 427 3876 Clementem
448 3823 479 3874 et
497 3811 716 3898 Porphyrium,
744 3812 888 3874 homines
913 3807 1016 3873 multis
1041 3802 1175 3891 partibus

128 3915 181 3978 illo
207 3911 376 3993 doctiores,
407 3913 458 4000 (p.
480 3912 553 3980 425.
573 3913 621 3978 ed.
640 3914 722 4001 Lips.
746 3912 897 3999 Opuscc.)
926 3909 1077 3983 edixerat,
1104 3900 1175 3964 Ku-

129 4025 225 4080 sterus
244 4017 277 4078 in
298 4018 381 4078 hunc
404 4015 535 4080 modum
554 4016 593 4080 de
619 4018 834 4102 lexicographo
855 4015 1001 4100 loquitur,
1030 4004 1070 4070 ed
1088 3999 1175 4066 Suffl-

130 4117 169 4182 Τ.
181 4117 221 4184 ll.
235 4141 265 4204 p.
279 4123 351 4186 361.
373 4165 392 4199 „
400 4114 479 4200 Quis
503 4119 587 4184 enim
607 4120 718 4200 nescit,
741 4117 981 4186 Grammaticum
1000 4114 1093 4209 ishun
1106 4106 1175 4198 plu·
