2894 4816
1116 406 1159 469 ta

108 585 177 652 que
193 562 308 634 vetetis
330 565 519 646 testamenti,
541 567 625 654 quod
644 577 772 649 vocant,
792 566 1070 655 interpretationem
1091 569 1157 634 edi·

110 668 199 734 disse
211 667 392 755 accepimus.
435 667 500 731 Sed
512 691 548 735 ea
561 692 696 757 quoque,
717 672 764 736 te'r
780 691 799 733 a
811 669 949 736 Fabricio
962 673 1103 758 repetita,
1125 673 1158 735 in

108 769 234 836 dissert.
257 767 297 832 de'
317 777 444 834 numero
464 775 692 858 septuagenario
711 774 741 856 §.
757 772 910 852 xvl,‘tn
924 771 996 837 diss.
1011 773 1051 837 de
1065 774 1159 837 Lexi-

112 872 159 936 cis
174 868 297 934 Graecis
316 871 389 933 etin
405 873 478 935 bibl.
497 871 549 936 Gr.
564 877 584 940 l.
598 875 618 937 l.
633 872 661 958 §.
677 875 707 940 5.
723 876 866 942 uirorum
880 872 1040 939 (todorum
1053 863 1158 940 assen-
1188 921 1190 928 ,

109 975 237 1038 sionem
251 983 315 1038 non
329 971 442 1037 detulit.
484 975 565 1039 Nam
577 988 695 1062 praeter
705 977 889 1064 peculiarem
903 974 1032 1039 Sallierii
1048 976 1159 1042 dimer-

111 1077 279 1154 tationem,
312 1097 339 1138 a.
365 1081 456 1142 1718.
478 1079 512 1142 in
538 1080 844 1144 commentationibus
866 1075 1056 1142 Academiae
1074 1078 1159 1141 Pari·
1181 1103 1183 1108 ·

110 1179 225 1244 siensis
240 1177 368 1257 editam,
390 1201 422 1240 n.
438 1178 507 1259 LI.,'
526 1179 699 1267 Stephanus
720 1182 903 1260 Lemonius,
929 1179 1002 1242 Ern.
1015 1180 1159 1243 'Tentze-
1287 1255 1290 1262 ¹

112 1283 191 1363 lius,
221 1303 298 1367 quos
317 1280 471 1346 Fabricius
486 1285 506 1345 l.
519 1287 544 1350 1.
560 1281 714 1366 nominat,
746 1277 999 1349 Thorsch'rnidius
1013 1282 1033 1344 l.
1048 1285 1068 1344 l.
1084 1279 1111 1364 5.
1127 1287 1158 1346 2

113 1385 128 1461 <
135 1387 171 1448 in
199 1384 307 1450 Orellil
333 1385 469 1467 Hesych.
495 1387 595 1453 Miles.
617 1388 689 1452 edit.
708 1411 740 1476 p.
761 1388 863 1467 266)-
881 1385 1029 1452 Albett'us
1050 1388 1160 1472 aliique

112 1489 205 1566 inulti
217 1488 281 1572 eius
296 1486 474 1575 opinionem
483 1488 706 1575 impugnarunt.
920 1489 923 1494 ’
954 1495 957 1503 “
1203 1515 1207 1522 ’

202 1588 309 1674 Neque
321 1589 399 1652 inter
411 1592 542 1676 reliquos
549 1591 722 1680 Hesychius
733 1592 887 1682 reperiam,
903 1591 991 1652 cuire
999 1611 1072 1654 rara
1084 1590 1164 1652 haec·

116 1694 287 1774 glossamm
299 1693 436 1756 collectio
448 1695 538 1756 trssrui
550 1697 655 1780 possit.
685 1692 789 1774 Quare
801 1715 866 1756 non
877 1693 989 1761 mirum
1003 1703 1057 1772 est,
1079 1688 1162 1778 quod

115 1793 257 1858 nonnulli
269 1793 552 1880 circumspexerunt,
571 1797 620 1858 cui
632 1798 682 1858 alii
695 1799 806 1859 librum
816 1793 1014 1858 uindicarent.
1043 1792 1162 1855 Tamen

115 1907 244 1962 eventus
253 1894 357 1964 defmt.
379 1896 569 1961 Hadrianum
582 1898 601 1962 J
602 1897 708 1961 unium
715 1898 798 1962 enim
810 1917 876 1959 non
888 1897 1002 1974 moror,
1014 1895 1066 1980 qui
1081 1891 1164 1980 quod

115 1999 291 2062 Eustathius
303 2020 342 2060 ex
349 1997 527 2062 Herodiano
535 1999 666 2064 eandem
674 2002 760 2066 vocis
768 1993 1164 2084 [louddpuginterpretatio-

116 2122 201 2180 nem,
215 2121 307 2186 quam
319 2099 353 2161 in
365 2100 561 2183 Hesychiano
576 2082 675 2167 lexico
690 2101 828 2185 legimus,
838 2102 937 2179 affert,
953 2096 1165 2162 Herodianum

116 2203 208 2268 lexici
214 2214 351 2264 autorem
358 2219 425 2264 esse
431 2217 598 2286 augcuutur,
609 2205 750 2288 inAdag.
758 2202 916 2283 GentVll,
925 2201 976 2266 46.
985 2200 1069 2263 cuius
1082 2219 1165 2262 erro-

116 2303 338 2370 remAlbertus
353 2305 485 2384 notavit,
506 2309 601 2390 praef.
617 2306 659 2370 ad
671 2309 807 2392 Hesych.
827 2330 858 2395 p.
873 2306 913 2369 ll.
927 2305 1102 2368 Memoratu
1116 2299 1165 2362 di-

119 2408 209 2489 gnior
233 2420 279 2470 est
312 2405 452 2494 Sopingii
485 2413 645 2474 sententia.
703 2413 802 2491 „Hic“
829 2412 871 2473 ait
891 2407 1051 2495 „quisnam
1075 2403 1167 2466 tuerit

117 2512 259 2592 ignauus
273 2512 359 2575 mihi.
383 2551 423 2562 --
445 2504 546 2576 Tanta
563 2514 647 2576 enim
662 2524 709 2576 est
731 2515 821 2576 huius
834 2511 969 2575 authoris
990 2503 1166 2583 chrunus,

116 2625 154 2678 ut
169 2636 208 2677 an
217 2615 393 2697 Hesychius
406 2617 445 2679 sit
458 2611 595 2700 patriotae
609 2617 719 2679 author
731 2616 801 2694 sint,
822 2614 874 2699 qui
889 2611 1036 2674 dubitant.
1077 2604 1167 2668 Unde

119 2717 206 2781 enim
216 2717 251 2779 id
264 2719 435 2794 constabit?
456 2719 557 2790 Nemo
572 2719 864 2803 antiquiorumeum
878 2711 993 2790 laudat,
1015 2710 1094 2788 citat,
1108 2729 1167 2768 no-

118 2820 227 2883 minat.
270 2819 340 2882 Fuit
359 2833 478 2885 tantum
495 2824 620 2884 unicum
635 2823 806 2906 exemplar,
828 2816 910 2879 unde
923 2817 983 2878 hoc
996 2810 1168 2898 turpissime
1181 2897 1186 2904 .

119 2933 295 3007 comrptum
309 2945 485 3009 expressum
498 2937 529 2987 et
544 2924 734 3004 divulgatum
752 2933 806 2986 cst.
829 2919 893 2984 Sed
905 2940 945 2981 ne
959 2914 1033 3002 quid
1052 2933 1189 2975 nomen‘
1276 2969 1286 2982 „

119 3027 200 3102 hoo,
221 3024 380 3110 quodiam
393 3026 447 3088 diu
463 3026 591 3106 insedit,
613 3030 722 3090 ffistra
736 3023 863 3089 movere
877 3023 958 3088 velle
969 3015 1091 3082 ridear:
1113 3015 1169 3094 a'ge

120 3125 261 3207 rideam,
284 3128 336 3213 qui
351 3126 434 3190 docti
449 3126 488 3190 de
502 3131 562 3192 hoo
575 3131 722 3209 sentiant,
744 3148 823 3214 quae
837 3135 939 3186 tamen
952 3133 1072 3184 tantum
1084 3120 1172 3180 abest

120 3239 157 3292 nt
168 3233 313 3314 probem,
335 3240 369 3291 ut
388 3230 480 3294 etiarn
493 3233 572 3295 falso
597 3233 669 3296 huic
681 3231 774 3294 tribui
795 3227 923 3291 omnino
953 3222 1079 3311 putem“
1102 3230 1170 3282 cett.

119 3331 240 3418 Aperte
253 3332 343 3410 igitur
356 3344 460 3394 contra
473 3334 665 3416 Hesychium
676 3337 758 3396 hunc
771 3329 909 3394 nostrum
922 3326 1083 3413 pugnavit,
1116 3341 1172 3382 ne-

120 3455 183 3522 que
206 3446 308 3494 tamen
328 3434 492 3519 quidquam
511 3437 577 3521 ipse
596 3435 682 3498 aliud
702 3433 847 3512 coniecit3
868 3440 1029 3516 propterea
1043 3423 1107 3486 non
1122 3442 1171 3484 re-

119 3533 375 3626 prehendendus,
408 3535 464 3598 sed
489 3536 659 3599 laudandus
686 3534 797 3622 potius.
852 3531 917 3596 Sed
938 3526 1023 3615 quod
1044 3523 1174 3601 mireris,

122 3644 191 3728 ipsc
212 3636 360 3701 Albertus
382 3633 421 3697 de
442 3637 597 3718 Hesychio
619 3639 763 3723 scriptore
787 3635 945 3700 dubitarit.
989 3626 1176 3713 Quanquam

124 3744 209 3807 enim
221 3743 254 3804 in
266 3741 362 3826 praef.
376 3738 417 3801 ad
433 3740 569 3822 Hesych.
583 3763 613 3826 p.
627 3737 667 3801 H.
682 3737 806 3816 dixerat,
818 3736 917 3802 rideri
930 3733 990 3798 sibi
1003 3755 1067 3795 non
1084 3730 1177 3793 alium

125 3843 231 3909 Lexici
244 3853 400 3906 auctorem
413 3865 506 3929 quam
518 3841 718 3924 Hesychiurm
733 3839 866 3926 quisquis
887 3839 1016 3900 demum
1036 3835 1088 3896 ille
1110 3835 1177 3892 suc‘-

125 3949 181 4026 rit,
202 3967 270 4009 erse
290 3944 500 4010 stamendumc
530 3957 633 4009 tamen
657 3966 722 4007 non
741 3943 840 4005 multo
860 3952 946 4028 post,
969 3939 1024 4001 ubi
1045 3935 1178 4014 singulas

126 4049 167 4112 de
193 4047 350 4128 Hesychio
379 4047 543 4110 sententias
567 4048 732 4126 recensuit,
765 4067 795 4131 p.
817 4043 880 4124 vl,
913 4043 962 4106 his
983 4037 1084 4105 verbis
1104 4051 1178 4096 suae

127 4149 322 4236 disputationi
343 4149 438 4212 linem
458 4149 614 4235 imposuit.
669 4145 784 4228 „Quod
806 4148 890 4210 enirn
915 4139 1031 4272 antiqpi
1052 4133 1178 4199 alicuius
1312 4173 1319 4180 -

963 4248 985 4308 2
