2918 4806
279 363 324 424 oo

283 525 405 594 nesae
421 545 479 613 pro
500 517 674 606 eoseum
695 521 1029 598 saeuissimae
1052 532 1083 586 e
1102 519 1195 585 nso.
1217 471 1332 586 οια-
1451 553 1452 624 t

282 651 399 714 'liwir
427 627 476 691 ed·
499 625 566 690 0³⁸·
588 620 770 706 thiresus.
814 625 879 690 Sed
900 645 995 710 quum
1024 624 1088 686 iam
1106 623 1333 688 Valckenarius
1451 625 1452 664 ὲ

283 735 323 799 ad
333 732 539 797 Ammonium
550 751 581 814 p.
592 727 642 793 74.
657 741 737 790 recte
752 724 926 808 έδνάτρονς
940 726 1124 813 reposuerit,
1147 724 1332 806 Schweigh.

282 838 346 902 suis
368 833 554 898 membranis
570 832 746 910 instmctus,
768 831 962 896 Valckenarii
981 829 1164 894 sententiam
1183 827 1331 903 firmavit,

283 943 335 1003 cfr.
349 941 370 1000 l.
386 939 405 999 ι
419 957 451 1022 p.
465 939 537 1000 οιο.

231 1029 238 1042 “
366 1040 452 1102 Haec
466 1035 505 1098 de
517 1034 691 1100 Athenaeo.
733 1034 978 1118 InHesychiano
993 1034 1092 1098 lexico
1109 1053 1209 1119 neque
1223 1025 1332 1110 ιίίεδς

283 1141 383 1229 neque
408 1135 569 1217 εἰλέατροι
597 1149 754 1201 occurrunt
778 1138 947 1222 quaerenti,
985 1134 1041 1200 sed
1067 1157 1093 1198 s.
1119 1156 1149 1198 v.
1178 1129 1333 1210 έλέατροι

283 1248 361 1309 haec
380 1241 548 1304 dictasunt
569 1232 750 1319 ,,Ἐίέατοι·
779 1237 813 1302 ol
833 1233 1121 1320 διατνονίήτοριριι
1148 1237 1202 1300 ubi
1219 1255 1333 1297 recen-

284 1347 376 1408 tiores
403 1339 549 1420 έίέατροι
569 1342 702 1406 scribunt
727 1353 758 1406 et
783 1338 948 1426 βασιλικοί
971 1340 1102 1417 addunt,
1132 1341 1184 1400 cfr.
1206 1337 1331 1399 Albert.
1453 1377 1454 1406 f

285 1459 349 1511 not.
392 1441 482 1524 Quae
503 1463 597 1527 quum
619 1444 777 1508 vanissime
805 1443 966 1510 emendata
989 1445 1065 1509 sint:
1080 1441 1333 1527 'epitomatorem

284 1549 458 1613 breviorem
469 1542 658 1606 Artemidori
670 1546 950 1634 interpretationem
969 1545 1099 1626 longiori
1109 1543 1333 1627 Pamphilanae

285 1651 461 1738 praetulisse
478 1659 610 1738 apparet.
655 1647 754 1710 Simul
769 1647 842 1712 inde
854 1651 1036 1730 intelligitur,
1058 1643 1208 1726 έλέατρος
1221 1664 1334 1706 veram

286 1775 354 1816 esse
375 1763 405 1814 et
424 1753 462 1812 ab
482 1748 637 1812 Athenaei
658 1750 753 1814 mand
771 1751 939 1837 prolectam
955 1753 1141 1836 scripturam.
1186 1743 1334 1810 Getermn

285 1857 318 1918 in
335 1875 413 1918 roce
432 1846 520 1926 ἐλεὸς
540 1852 764 1937 interpretanda
788 1854 986 1931 conveniunt,
1008 1850 1125 1914 Athen.
1148 1871 1178 1934 p.
1207 1853 1274 1926 173,
1300 1869 1333 1911 a.
1454 1874 1455 1896 2

286 1968 317 2026 et
336 1957 471 2037 Hesych.
493 1975 518 2016 s.
534 1975 565 2018 v.
597 1952 765 2018 ‘Praeterea
786 1958 952 2042 quaeritur,
974 1955 1041 2039 quis
1058 1954 1110 2016 ille
1129 1952 1169 2015 sit
1191 1951 1333 2036 scriptor,
1454 1947 1455 1966 ¹

287 2059 370 2122 cuius
381 2061 475 2121 rerba
490 2054 670 2118 Athenaeus
687 2057 726 2119 de
739 2079 817 2120 voce
837 2054 989 2136 ἐδέατρος
1009 2054 1208 2141 adscripserit.
1248 2053 1334 2116 Val-

288 2160 444 2222 chenerius
464 2158 548 2219 enim
570 2157 644 2218 dum
664 2157 705 2220 ad
722 2157 929 2221 Arndtonium
951 2157 1059 2221 Anim.
1081 2180 1113 2242 p.
1134 2162 1184 2222 73.
1208 2163 1260 2242 lp.
1276 2155 1333 2222 56.
1439 2228 1444 2234 ,

288 2259 336 2324 ed.
352 2261 456 2344 Lips.)
479 2257 518 2320 ad
531 2257 763 2322 Artemidorum
776 2282 812 2322 ea
822 2262 950 2325 rettulit:
974 2272 1075 2322 contra
1087 2255 1344 2339 Schweighaem

287 2382 371 2425 senis
394 2382 457 2422 non
482 2361 553 2424 satis
576 2383 643 2426 esse
669 2363 863 2449 perspicumn
889 2364 946 2442 ait,
973 2365 1104 2426 verbum
1129 2360 1212 2445 φησί
1230 2374 1334 2424 unum

288 2463 328 2527 ad
341 2463 536 2549 Pamphilum
549 2463 597 2543 sit,
619 2485 657 2528 an
673 2463 714 2526 ad
729 2464 961 2528 Artemidorum
975 2463 1178 2526 referendum.
1223 2463 1334 2527 Sino-
1455 2433 1456 2526 ί

287 2579 348 2631 stra
370 2577 416 2629 est
440 2587 512 2628 vera
534 2567 628 2645 ratio,
655 2587 720 2630 non
745 2567 947 2631 dubitandum
968 2579 1027 2646 est,
1058 2568 1130 2651 quin
1153 2568 1260 2628 omnia
1289 2565 1332 2628 ad

287 2666 483 2755 Pamphilum
497 2668 643 2732 trahenda
662 2671 737 2749 sint,
761 2693 800 2732 ex
812 2691 873 2755 quo
888 2670 989 2756 ipsam
1002 2667 1192 2731 Artemidori
1207 2679 1334 2732 senten-

287 2775 362 2836 tiam
378 2770 494 2834 Athen.
515 2773 664 2836 hauserat.
715 2773 860 2852 Legimus
890 2783 993 2833 autem
1012 2771 1046 2832 in
1064 2770 1199 2850 Hesych.
1221 2771 1333 2850 lexico,

287 2896 354 2936 rem
375 2872 507 2936 eandem
537 2868 742 2956 ,,Ἐδέατρος·
770 2868 971 2956 τιρογιύστης
994 2867 1157 2956 βασιλέων
1178 2867 1334 2954 ἐπιμελη-

289 2973 346 3057 τής
368 2973 534 3038 δείπνον.“
582 2975 730 3038 Attamen
751 2977 856 3056 omnia
878 2988 1013 3038 accurate
1033 2973 1235 3061 perpendenti
1253 2976 1335 3038 mihi

288 3076 346 3136 alia
359 3078 486 3138 subnata
504 3087 553 3138 est
567 3079 683 3161 opinio.
726 3065 873 3163 Loquittir
892 3082 975 3142 enim
994 3077 1034 3141 de
1052 3081 1110 3140 hac
1129 3098 1208 3140 voce
1221 3076 1335 3140 Eusta-

287 3177 369 3239 thius
384 3173 424 3237 ad
443 3175 556 3259 Odyss.
571 3197 602 3256 α,
623 3199 654 3262 p.
668 3184 718 3242 37.
729 3203 760 3266 p.
779 3186 817 3244 16
831 3180 914 3266 seqq.
938 3181 986 3244 ed.
1001 3180 1094 3244 llom.
1117 3175 1174 3259 „iu
1192 3182 1254 3243 τοῦ
1271 3173 1335 3244 oti·

288 3279 349 3344 τοῦ
362 3273 434 3360 Ιγδιρ
458 3273 603 3362 ῥήματος
623 3276 679 3342 καί
702 3277 725 3344 d·
742 3276 832 3362 παρὰ
851 3281 955 3370 Αἰλίῳ
972 3281 1143 3367 Διονυσίῳ
1165 3277 1332 3361 ἐδέατρος·

287 3377 362 3462 περί
392 3368 435 3445 oti
457 3378 543 3462 λέγει
564 3378 704 3460 ἐκεῖνος,
735 3379 788 3448 ὅτι
813 3382 851 3449 τὸ
872 3383 932 3469 μέν
953 3381 1061 3470 ὄνομα
1083 3379 1287 3469 Ἑλληνικόν·
1307 3383 1332 3470 ἦ

288 3483 325 3550 δέ
352 3483 443 3569 χρεία
472 3479 618 3568 Περσική
626 3501 634 3517 ·
660 3473 703 3570 ἦν
731 3482 766 3552 δέ
792 3502 873 3571 φησι
895 3485 1120 3572 sometime·
1141 3487 1334 3569 αροεσδίων

288 3589 349 3650 τοῦ
370 3585 527 3670 βασιλέως
548 3588 593 3665 είς
613 3584 809 3672 ἀσφάλειαν·
831 3587 973 3671 ὕστερον
995 3589 1031 3656 δέ
1057 3587 1219 3674 ἐνομίσθη
1242 3587 1334 3656 έδέα-

288 3707 370 3770 τρον
397 3695 508 3754 καλεῖν
533 3687 594 3755 τὸν
620 3687 795 3776 έτιστιίτην
821 3696 878 3777 τῆς
900 3690 978 3777 ὅλης
996 3691 1166 3768 διακονίας
1187 3689 1245 3758 soi.
1264 3711 1334 3758 tta-

289 3794 482 3875 ρασιιενῆς.“
522 3793 627 3878 Itaque
639 3794 812 3859 Eustathius
832 3795 943 3860 iisdem
954 3818 1069 3883 paene,
1090 3797 1198 3881 quihus
1209 3797 1333 3884 Noster,

287 3895 388 3958 verbis
401 3916 490 3958 usus:
508 3907 609 3960 tamen
625 3919 682 3961 nec
696 3921 735 3960 ex
746 3898 908 3985 Pamphilo
922 3921 979 3960 nec
994 3920 1033 3961 ex
1045 3897 1253 3978 Artemidoro,
1274 3898 1334 3962 sed

288 4017 328 4059 ex
337 3995 430 4059 Aelio
438 3995 589 4078 Dionysio
604 4021 657 4064 sua
672 4000 898 4088 deprompsisse
909 4002 1074 4086 profitetur.
1118 3999 1203 4079 Quid
1214 4001 1332 4082 igitur?

286 4099 312 4161 si
331 4097 473 4182 Dionysii
496 4121 628 4183 nomen,
649 4125 713 4168 non
731 4125 799 4167 raro
816 4105 888 4169 alibi
904 4095 1106 4168 memoratum
1126 4103 1159 4165 in
1173 4102 1333 4168 Athenaei
