2894 4816
16 491 19 502 ·
120 451 230 536 βὶιοις
262 449 423 536 onustus·
455 449 532 534 secl
558 455 745 542 ποιητικῆς·
782 453 858 542 περὶ
884 455 1088 542 οτοιηιιων.“
1134 458 1166 526 ls

119 557 220 620 homo
233 567 280 620 est
296 555 387 618 nobis
402 553 524 619 aliunde
546 579 668 644 quoque
689 559 841 640 cognitus,
877 559 958 624 Nam
978 562 1035 626 etsi
1055 562 1165 648 scripta

16 697 17 702 κ
119 659 307 745 philosophe
318 668 350 722 et
364 659 557 738 grammatica
570 660 637 738 illa,
664 660 704 724 de
722 663 802 726 notis
821 663 945 742 criticis,
966 661 1006 726 de
1029 666 1165 728 elemen-

16 789 17 796 ι
119 761 175 839 tis,
197 759 237 822 de
252 759 388 846 politica,
408 781 576 845 nusquam,
602 774 750 846 quantum
767 765 847 843 scio,
870 777 1163 834 commemorantur:

119 871 223 925 tamen
247 861 318 946 quia
338 859 378 923 de
396 862 493 946 patria
510 883 573 924 sua
590 863 722 951 scripsit,
742 877 777 928 ut
793 868 929 952 locuples
947 878 1066 945 auctor,
1086 867 1164 940 inter

119 973 213 1028 testes
233 973 264 1027 et
285 973 422 1029 auctores
447 964 558 1040 locum,
578 986 669 1028 suum
693 967 823 1030 obtinuit
847 980 878 1030 et
903 969 1045 1032 servavit.
1093 970 1163 1032 Hoc

119 1065 202 1127 enim
215 1065 342 1126 nomine
356 1085 449 1149 saepe
473 1066 577 1127 citetur
593 1067 627 1128 in
646 1065 794 1154 Stephani
804 1059 946 1151 Byzantii
957 1069 1163 1156 paralipome-

117 1165 177 1230 nis.
218 1165 256 1230 In
271 1163 384 1230 Suidae
401 1167 500 1246 libris,
521 1177 555 1232 ut
566 1165 716 1246 uidimus,
739 1169 855 1234 dictum
867 1181 928 1234 estc
950 1167 1074 1254 scarpis
1094 1171 1162 1234 Ko-

117 1265 228 1346 ξίιιον,
250 1279 376 1330 accentu
394 1269 625 1353 inpaenultima
644 1272 761 1351 syllaba
777 1273 896 1357 posit03
917 1293 1010 1357 quem
1029 1291 1161 1336 errorem

117 1370 170 1434 alii
190 1370 232 1432 ita
248 1355 447 1448 sustulerunt,
476 1380 511 1432 ut
537 1371 700 1436 scriberent
716 1367 858 1454 πάτρια,
886 1384 1011 1436 accentu
1034 1384 1161 1452 mutato,

117 1471 286 1536 Salmasius
300 1483 402 1536 autem
416 1472 450 1534 in
460 1473 597 1552 margine
610 1473 759 1559 Stephani
776 1477 825 1538 sui
841 1487 877 1537 ut
900 1472 999 1556 „uspl
1019 1473 1161 1556 πατρίοις

118 1573 296 1654 Κνζίιιουιι
320 1573 532 1660 reponendum
555 1575 740 1666 coniicereu
769 1574 840 1656 Qua
855 1576 981 1664 quidem
999 1579 1033 1640 in
1055 1579 1159 1642 conie-

116 1688 200 1740 ctura
212 1687 243 1740 et
262 1688 388 1742 accentu
408 1678 462 1740 illo
481 1687 513 1740 et
533 1697 573 1746 eu,
588 1678 721 1756 ratione,
742 1700 835 1763 quam
850 1679 1024 1765 Stephanus
1036 1681 1068 1742 in
1080 1681 1159 1744 libm

115 1778 270 1842 laudando
284 1791 383 1872 cenet,
397 1781 591 1844 confirmatus
601 1790 658 1856 est.
703 1777 733 1842 Is
755 1781 838 1842 enim
856 1802 882 1844 s.
893 1803 924 1844 v.
957 1774 1159 1861 Ἀδράστεια,

115 1883 168 1960 ait,
189 1879 247 1960 „lu
270 1875 385 1967 προίτη
408 1881 583 1960 Kvtluoo‘ss
612 1877 665 1945 ubi
680 1880 839 1946 Bcrlelius
860 1877 959 1966 „aspi
986 1879 1159 1960 Κυζικου“

115 1981 310 2047 scribendine
326 2006 393 2048 esse
412 1987 599 2071 suspicatum
625 2006 648 2047 s
663 2006 693 2048 τ.
719 1977 836 2064 ζὲιειοι·
866 1980 928 2062 „iv
947 1977 1061 2072 πρώτη
1083 1979 1160 2066 περὶ

114 2083 305 2170 Κνζίιιον“;
327 2085 458 2178 denique
473 2107 498 2149 s.
514 2108 544 2151 v.
565 2081 726 2170 Riedones
745 2089 822 2150 haec
839 2088 934 2148 habet
953 2082 1157 2169 „Bs'odumg

115 2187 267 2272 νησίδων
295 2185 383 2268 περὶ1
399 2183 560 2268 Κύζικον,
594 2183 639 2264 ὥς
667 2183 830 2274 Διογένης
857 2181 877 2253 ὁ
907 2182 1094 2272 Κυζικηνὸς
1122 2181 1158 2250 ἐν

114 2284 231 2374 πρώτη
252 2291 321 2356 τοῖν
341 2283 422 2354 διττοὶ
443 2287 519 2372 περὶ
539 2292 598 2374 τῆς
616 2289 775 2372 πατρίδος
795 2285 919 2374 νηόων·
942 2281 1048 2379 λέγων
1065 2290 1158 2370 Προ-

114 2387 258 2478 edendos
278 2389 334 2458 utel
359 2391 487 2476 Φοίβηιι
510 2402 588 2472 cett,
609 2413 687 2476 quae
704 2395 798 2456 verba
809 2394 984 2478 philologos
1005 2391 1038 2454 in
1056 2391 1157 2458 uarios
1186 2449 1190 2454 .
1294 2413 1298 2420 ·

115 2517 232 2562 errores
249 2495 409 2560 duxemnt.
441 2493 557 2558 ⁴Fuere
579 2495 678 2572 enim,
705 2494 759 2580 qui
776 2490 849 2556 inde
867 2494 962 2555 libms
980 2504 1099 2578 septem
1118 2492 1158 2556 de

114 2580 231 2686 patriae
248 2599 355 2662 insulis
382 2597 552 2676 efficerent,
580 2608 614 2659 ut
638 2593 709 2660 Ger.
729 2593 776 2658 Io.
792 2593 924 2657 Vossius
946 2593 986 2656 de
1007 2593 1086 2656 Hist.
1105 2589 1158 2656 Gr.

113 2701 298 2787 tib.111,p.
319 2700 393 2768 356.
442 2699 509 2764 Alii
538 2703 620 2764 bene
641 2697 858 2780 intelligentes,
889 2695 922 2758 id
947 2693 1065 2758 falsum'
1082 2715 1159 2776 esse,

114 2825 223 2870 verum
238 2801 362 2888 quidem
380 2803 534 2882 viderunt,
556 2803 716 2888 virumque
736 2809 856 2884 septem
877 2795 915 2858 de
931 2799 1028 2884 patria
1047 2821 1102 2862 sua
1120 2799 1158 2861 li·

113 2910 188 2978 bros
201 2889 372 2970 condidisse
394 2916 588 2984 censuerunt,
610 2925 741 2990 quorum
761 2911 806 2964 est
827 2899 987 2986 llleuagius
1007 2899 1048 2964 ad
1063 2899 1157 2994 Diog.

114 3008 217 3072 Ladrt.
239 3008 299 3087 Vl,
321 3013 378 3090 813
402 3007 459 3073 sed
485 3006 643 3094 quomodo
670 3003 818 3092 Stephani
842 3004 935 3067 verbe
962 3001 1158 3086 intelligenda

113 3111 189 3190 sint,
212 3132 275 3173 non
298 3110 474 3194 docuercmt.
523 3109 637 3188 Locus,
666 3109 699 3170 ni
719 3109 823 3184 fallor,
853 3107 892 3167 ab
915 3108 1059 3168 omnibus
1076 3108 1158 3184 male

113 3215 242 3300 scriptus
257 3225 311 3292 est,
334 3215 375 3276 ita
390 3211 598 3278 exhibendusz
623 3204 688 3291 „oie
708 3204 868 3292 Διογένης
889 3202 908 3272 ὁ
923 3202 1107 3292 Κυζικηνὸς
1121 3203 1158 3272 ἐν

54 3381 59 3392 ,
113 3311 229 3401 πρώτη
242 3316 307 3378 τῶν
320 3311 400 3380 ἑκτὰ
414 3313 488 3395 περὶ
497 3312 733 3396 τῆςιτατρίδος·
751 3306 902 3396 ,,νηόοιν“
925 3304 1029 3394 λέγων
1049 3309 1175 3396 „Ilpa-¹

114 3413 261 3502 ιιόνηοοὲ
285 3412 342 3488 sod
367 3413 474 3499 Φοίβη
495 3447 539 3460 -
559 3411 615 3480 καὶ
638 3411 820 3498 Elatiam&
847 3411 938 3474 latine
968 3412 1160 3492 „insularum

114 3525 306 3590 Proconesus
319 3527 349 3578 et
361 3514 488 3578 Phoebe
498 3551 537 3562 -
547 3527 577 3578 et
588 3514 737 3579 Besbicos
746 3516 764 3546 “
785 3524 819 3576 ut
834 3513 984 3594 genitivus
998 3533 1016 3574 a
1028 3533 1160 3600 sequen-

115 3629 196 3702 tibus
209 3621 385 3686 nominibus
398 3615 540 3706 pendeat.
562 3615 665 3682 Affert
677 3617 768 3698 igitur
779 3617 847 3701 ipsa
858 3613 1009 3700 scriptoris
1015 3617 1117 3694 uerba,
1130 3627 1160 3678 et

116 3729 171 3794 ubi
183 3717 354 3808 Βέσβιιιος,
375 3721 461 3787 cuius
481 3741 587 3786 caussa
596 3719 630 3782 id
641 3729 822 3808 susceperat,
843 3717 1033 3798 memoravit,
1053 3738 1073 3800 a
1090 3717 1161 3782 reli-

116 3830 183 3916 quis
193 3847 320 3898 manum
332 3827 419 3890 tollit.
1163 3891 1170 3906 ,

193 3927 311 4000 'Redeo
325 3927 366 3992 ad
383 3929 562 3992 institutum.
606 3925 663 3990 His
683 3919 766 3990 enim
789 3923 892 4004 dictis,
915 3934 961 3988 est
981 3943 1058 4010 opus
1076 3922 1162 4012 facil-

118 4036 241 4112 lituum,
262 4051 341 4118 quae
354 4030 398 4094 illi
413 4029 607 4112 Diogeniano
624 4032 706 4092 male
725 4012 866 4093 adiuncta
883 4037 984 4118 erant,
1005 4023 1076 4116 huic
1094 4019 1164 4114 red·
1210 4051 1213 4062 ¹
