2894 4816
520 1085 757 1178 osuur
794 1081 1089 1212 rnruuu.

306 1321 632 1409 carricentur
658 1305 724 1390 nn
746 1277 1308 1418 onxrco‘uesrouruno

445 1493 447 1502 s
486 1442 768 1513 ocutiones
795 1439 1128 1508 rorissmue.

599 1613 602 1618 “
699 1617 910 1636 —u——n—-fl

282 1735 375 1849 Non
392 1781 679 1868 est-dubitandum,
707 1783 781 1869 quin
803 1780 998 1864 Hesychiena
1019 1799 1192 1860 graecannn
1214 1801 1344 1847 vouim·

284 1887 422 1952 collectio
434 1907 508 1972 prae
531 1887 636 1949 ceteris
658 1881 794 1949 Graecae
813 1885 996 1968 antiquitatis
1017 1882 1114 1944 studia
1130 1882 1279 1946 adiuverit
1297 1897 1333 1948 et

284 1991 480 2076 arnplihcarit.
524 1985 588 2051 Sed
608 1989 672 2050 iam
694 1986 776 2074 apud
798 1987 932 2074 primum
944 1981 1093 2046 editorem
1105 2002 1217 2062 magna
1229 1981 1269 2047 de
1287 1987 1332 2047 li.

282 2095 338 2155 bro
351 2091 512 2154 utilissimo
532 2097 651 2176 reperto
670 2091 783 2153 laetitia
801 2090 881 2151 iusto
899 2086 1003 2150 nescio
1025 2105 1066 2146 an
1089 2085 1200 2148 iniusto
1219 2084 1331 2152 dolore
1445 2103 1446 2148 t

285 2192 439 2257 debilitata
459 2203 514 2255 est.
557 2190 648 2270 „Sed
667 2191 784 2271 ilhrd,“
811 2191 853 2253 ait
871 2187 973 2252 Aldus
996 2189 1030 2250 in
1051 2186 1178 2275 epistola
1196 2185 1236 2248 ad
1248 2185 1330 2252 Bar-

283 2293 457 2372 dellonum,
485 2291 680 2372 „admodum
698 2291 867 2356 dolendmn
877 2303 937 2372 est,
960 2287 1042 2376 quod
1056 2290 1160 2352 nescio
1179 2289 1263 2353 cuius
1276 2291 1329 2352 in-

284 2397 364 2458 curia
384 2393 619 2459 Proverbiorum
632 2407 822 2476 argtrmenta,
852 2416 930 2482 quae
951 2393 1161 2480 praetennissa
1175 2412 1194 2453 a
1208 2391 1328 2474 Dioge-

282 2498 375 2561 niano
389 2499 562 2581 Hesychius
576 2497 769 2579 adiunxerat,
789 2509 857 2561 mm
872 2497 1003 2584 plurium
1020 2494 1187 2558 dictionum
1203 2505 1235 2558 et
1248 2517 1328 2581 quae

282 2601 409 2665 rariores
428 2613 499 2665 sunt
520 2601 731 2681 authoritates,
760 2623 834 2687 quas
860 2599 971 2684 isipse
994 2598 1166 2680 Hesychius
1189 2597 1327 2663 studiose

282 2701 455 2782 addiderat,
477 2705 613 2788 sublatae
626 2714 697 2766 sunt
710 2723 834 2764 summo
851 2699 1058 2764 studiosorum
1078 2699 1277 2762 incommodo
1294 2713 1327 2764 et
1438 2693 1444 2704 ’

280 2803 401 2866 iactura.
410 2805 428 2836 “
485 2805 633 2887 Hesychii
655 2804 739 2867 enim
757 2804 871 2882 lexico,
889 2803 989 2890 'quale
1011 2825 1093 2865 nunc
1115 2814 1263 2888 superest,
1290 2803 1326 2865 in

281 2905 358 2965 libro
379 2909 583 3002 manuscripto
604 2905 790 2988 grammatici
811 2905 850 2968 ad
862 2905 1040 2987 Eulogium,
1062 2907 1201 2985 ignotum
1220 2905 1326 2966 homi-

282 3025 372 3079 nem,
394 3007 520 3090 epistola
535 3010 701 3093 praemissa
715 3010 874 3095 reperitrn,
901 3030 960 3095 qua
972 3021 1036 3072 tota
1056 3008 1124 3071 libri
1140 3008 1230 3084 ratio,
1252 3009 1326 3068 fon-
1442 3035 1443 3054 t

262 3115 385 3189 ·tesque
399 3127 418 3167 e
432 3107 540 3190 quihus
553 3119 692 3194 paramm
705 3112 907 3194 haustumque
928 3113 967 3174 sit
981 3121 1011 3173 et
1024 3111 1153 3174 auctoris
1168 3111 1232 3172 eius
1248 3130 1325 3171 con-

279 3205 381 3270 silium
394 3209 528 3294 pluribus
540 3210 642 3273 verbis
655 3211 848 3296 explicantur.
897 3211 964 3274 Iam
976 3233 1069 3297 quum
1084 3233 1160 3298 quae
1175 3211 1224 3273 ibi
1234 3232 1324 3273 euar-

279 3319 381 3372 rantur
401 3331 471 3372 cnm
488 3311 638 3375 hodierna
657 3313 726 3375 libri
745 3314 846 3374 forma
866 3334 931 3375 non
950 3335 1072 3399 prorsus
1093 3315 1255 3378 convenire
1272 3314 1324 3377 vi-
1441 3361 1442 3372 ,

280 3411 386 3494 disset,
410 3415 476 3478 illas
489 3427 523 3478 ut
536 3418 671 3503 querelas
683 3412 824 3478 funderet
838 3426 1009 3479 commotus
1027 3427 1080 3479 est
1123 3417 1230 3503 Neque
1243 3417 1325 3480 inter
1370 3445 1382 3452 ·

279 3518 460 3600 posteriores
484 3519 601 3582 criticos
628 3518 715 3581 multi
736 3517 846 3602 reperti
864 3528 949 3597 sunt,
977 3519 1029 3604 qui
1049 3541 1067 3581 a
1087 3519 1178 3607 primi
1198 3518 1322 3583 editoris

263 3615 390 3680 'iudicio
403 3620 586 3687 recederent.
627 3619 741 3685 Daniel
756 3621 916 3700 Heinsius,
942 3620 994 3705 qui
1014 3619 1183 3684 admodum
1200 3622 1322 3686 iuvenis

278 3718 310 3778 in
330 3719 486 3800 Hesychio
509 3722 704 3788 emendando
727 3735 863 3788 versatus
892 3734 953 3802 est,
981 3733 1015 3784 ut
1041 3724 1075 3784 in
1099 3723 1204 3809 primis
1231 3725 1321 3787 lineis

275 3821 469 3902 praefationis
492 3845 565 3887 suae
584 3823 624 3887 ad
646 3826 792 3906 Hesychii
812 3825 994 3903 editionem,
1017 3845 1090 3908 quas
1111 3823 1233 3889 Atheni
1252 3826 1321 3889 edi-

277 3919 336 3998 dit,
364 3924 483 3984 monuit
501 3927 646 3988 lectorem
672 3949 760 4006 „non
780 3927 882 4012 ipsum
902 3930 963 3990 hoc
982 3927 1129 4009 Hesychii
1144 3950 1221 4014 opus
1240 3951 1319 4010 esse,
1439 3917 1440 3924 ἵ

276 4021 331 4086 sed
346 4024 562 4110 compendium
568 4028 603 4104 “,
625 4028 666 4089 ita
680 4028 789 4093 alicubi
803 4029 836 4090 in
850 4029 955 4092 codice
969 4052 1025 4093 suo
1039 4030 1194 4117 scripserat
1215 4033 1318 4110 „Hes

255 4128 487 4206 'grammaticus
505 4127 611 4192 doctus
624 4131 813 4209 mehercule,
835 4129 918 4194 cuius
941 4131 1157 4219 compendium
1177 4135 1240 4196 iarn
1260 4137 1318 4198 ha-
