<?xml version="1.0" encoding="UTF-8"?>
<!DOCTYPE html PUBLIC "-//W3C//DTD XHTML 1.0 Transitional//EN"
    "http://www.w3.org/TR/xhtml1/DTD/xhtml1-transitional.dtd">
<html xmlns="http://www.w3.org/1999/xhtml" xml:lang="en" lang="en">
 <head>
  <title>
</title>
<meta http-equiv="Content-Type" content="text/html;charset=utf-8" />
  <meta name='ocr-system' content='tesseract 3.04.00' />
  <meta name='ocr-capabilities' content='ocr_page ocr_carea ocr_par ocr_line ocrx_word'/>
</head>
<body>
  <div class='ocr_page' id='page_1' title='image "./caroliferdinand01rankgoog_0095.png"; bbox 0 0 2918 4806; ppageno 0'>
   <div class='ocr_carea' id='block_1_1' title="bbox 307 395 1356 643">
    <p class='ocr_par' dir='ltr' id='par_1_1' title="bbox 307 395 1356 643">
     <span class='ocr_line' id='line_1_1' title="bbox 307 395 350 456; baseline 0 0"><span class='ocrx_word' id='word_1_1' title='bbox 307 395 350 456; x_wconf 71' lang='lat'><strong>84</strong></span> 
     </span>
     <span class='ocr_line' id='line_1_2' title="bbox 308 545 1356 643; baseline -0.014 -19"><span class='ocrx_word' id='word_1_2' title='bbox 308 555 328 643; x_wconf 81' lang='grc' dir='ltr'><strong><em>ἡ</em></strong></span> <span class='ocrx_word' id='word_1_3' title='bbox 351 554 386 624; x_wconf 78' lang='grc' dir='ltr'><strong>δὲ</strong></span> <span class='ocrx_word' id='word_1_4' title='bbox 408 548 536 638; x_wconf 66' lang='lat' dir='ltr'><strong>noodr}</strong></span> <span class='ocrx_word' id='word_1_5' title='bbox 551 549 704 618; x_wconf 66' lang='lat' dir='ltr'><strong>‚enatura</strong></span> <span class='ocrx_word' id='word_1_6' title='bbox 729 545 944 636; x_wconf 60' lang='lat' dir='ltr'><strong>otvrertoor‘</strong></span> <span class='ocrx_word' id='word_1_7' title='bbox 980 546 1076 628; x_wconf 71' lang='lat' dir='ltr'><strong>uuas</strong></span> <span class='ocrx_word' id='word_1_8' title='bbox 1097 548 1176 611; x_wconf 83' lang='lat' dir='ltr'><strong>inter</strong></span> <span class='ocrx_word' id='word_1_9' title='bbox 1191 557 1356 632; x_wconf 78' lang='lat' dir='ltr'><strong>utumque</strong></span> 
     </span>
    </p>
   </div>
   <div class='ocr_carea' id='block_1_2' title="bbox 308 650 1434 740">
    <p class='ocr_par' dir='ltr' id='par_1_2' title="bbox 308 650 1434 740">
     <span class='ocr_line' id='line_1_3' title="bbox 308 650 1434 740; baseline -0.012 -17"><span class='ocrx_word' id='word_1_10' title='bbox 308 664 340 726; x_wconf 90' lang='lat' dir='ltr'><strong>in</strong></span> <span class='ocrx_word' id='word_1_11' title='bbox 353 660 479 740; x_wconf 81' lang='lat' dir='ltr'><strong>singulis</strong></span> <span class='ocrx_word' id='word_1_12' title='bbox 491 655 593 726; x_wconf 72' lang='lat' dir='ltr'><strong>uerbis</strong></span> <span class='ocrx_word' id='word_1_13' title='bbox 613 653 782 719; x_wconf 80' lang='lat' dir='ltr'><strong>differentia</strong></span> <span class='ocrx_word' id='word_1_14' title='bbox 796 665 858 732; x_wconf 87' lang='lat' dir='ltr'><strong>est,</strong></span> <span class='ocrx_word' id='word_1_15' title='bbox 881 674 918 716; x_wconf 88' lang='lat' dir='ltr'><strong>ea</strong></span> <span class='ocrx_word' id='word_1_16' title='bbox 931 650 1064 715; x_wconf 77' lang='lat' dir='ltr'><strong>ostendit</strong></span> <span class='ocrx_word' id='word_1_17' title='bbox 1080 663 1197 736; x_wconf 86' lang='lat' dir='ltr'><strong>aperte,</strong></span> <span class='ocrx_word' id='word_1_18' title='bbox 1221 671 1354 734; x_wconf 91' lang='lat' dir='ltr'><strong>quomo-</strong></span> <span class='ocrx_word' id='word_1_19' title='bbox 1432 691 1434 710; x_wconf 63' lang='grc' dir='ltr'><strong><em>ι</em></strong></span> 
     </span>
    </p>
   </div>
   <div class='ocr_carea' id='block_1_3' title="bbox 307 754 1353 1488">
    <p class='ocr_par' dir='ltr' id='par_1_3' title="bbox 307 754 1353 1457">
     <span class='ocr_line' id='line_1_4' title="bbox 309 754 1353 840; baseline -0.013 -14"><span class='ocrx_word' id='word_1_20' title='bbox 309 764 350 826; x_wconf 90' lang='lat' dir='ltr'><strong>do</strong></span> <span class='ocrx_word' id='word_1_21' title='bbox 362 762 544 830; x_wconf 70' lang='lat' dir='ltr'>Athenaeus</span> <span class='ocrx_word' id='word_1_22' title='bbox 565 757 598 816; x_wconf 90' lang='lat' dir='ltr'><strong>in</strong></span> <span class='ocrx_word' id='word_1_23' title='bbox 614 755 768 818; x_wconf 83' lang='lat' dir='ltr'><strong>afferenda</strong></span> <span class='ocrx_word' id='word_1_24' title='bbox 781 756 961 840; x_wconf 83' lang='lat' dir='ltr'><strong>scriptorum</strong></span> <span class='ocrx_word' id='word_1_25' title='bbox 974 755 1122 818; x_wconf 89' lang='lat' dir='ltr'><strong>sententia</strong></span> <span class='ocrx_word' id='word_1_26' title='bbox 1135 763 1271 817; x_wconf 87' lang='lat' dir='ltr'><strong>versatus</strong></span> <span class='ocrx_word' id='word_1_27' title='bbox 1284 754 1353 812; x_wconf 73' lang='lat' dir='ltr'><strong>fure-</strong></span> 
     </span>
     <span class='ocr_line' id='line_1_5' title="bbox 307 847 1353 937; baseline -0.011 -11"><span class='ocrx_word' id='word_1_28' title='bbox 307 867 353 936; x_wconf 69' lang='lat' dir='ltr'><strong>rit</strong></span> <span class='ocrx_word' id='word_1_29' title='bbox 397 863 440 931; x_wconf 85' lang='lat' dir='ltr'><strong>Ut¹</strong></span> <span class='ocrx_word' id='word_1_30' title='bbox 456 861 560 925; x_wconf 87' lang='lat' dir='ltr'><strong>omnia</strong></span> <span class='ocrx_word' id='word_1_31' title='bbox 581 859 798 936; x_wconf 84' lang='lat' dir='ltr'><strong>intelligantur,</strong></span> <span class='ocrx_word' id='word_1_32' title='bbox 821 859 991 920; x_wconf 85' lang='lat' dir='ltr'><strong>conferatur</strong></span> <span class='ocrx_word' id='word_1_33' title='bbox 1013 856 1185 937; x_wconf 77' lang='lat' dir='ltr'>Hesychius</span> <span class='ocrx_word' id='word_1_34' title='bbox 1199 877 1224 916; x_wconf 87' lang='lat' dir='ltr'><strong>s.</strong></span> <span class='ocrx_word' id='word_1_35' title='bbox 1239 875 1279 918; x_wconf 68' lang='grc' dir='ltr'><strong>τ.</strong></span> <span class='ocrx_word' id='word_1_36' title='bbox 1297 847 1353 916; x_wconf 79' lang='grc' dir='ltr'><strong>Ἱε-</strong></span> 
     </span>
     <span class='ocr_line' id='line_1_6' title="bbox 309 949 1351 1050; baseline -0.012 -18"><span class='ocrx_word' id='word_1_37' title='bbox 309 961 454 1050; x_wconf 75' lang='grc' dir='ltr'><strong><em>ρόβατον</em></strong></span> <span class='ocrx_word' id='word_1_38' title='bbox 483 958 601 1028; x_wconf 76' lang='grc' dir='ltr'><strong><em>κότον·</em></strong></span> <span class='ocrx_word' id='word_1_39' title='bbox 637 954 811 1034; x_wconf 73' lang='grc' dir='ltr'><strong><em>Λάκωνες·</em></strong></span> <span class='ocrx_word' id='word_1_40' title='bbox 848 954 890 1023; x_wconf 87' lang='grc' dir='ltr'><strong>ὅν</strong></span> <span class='ocrx_word' id='word_1_41' title='bbox 906 979 1010 1034; x_wconf 76' lang='grc' dir='ltr'><strong><em>,τινες</em></strong></span> <span class='ocrx_word' id='word_1_42' title='bbox 1040 960 1166 1040; x_wconf 80' lang='grc' dir='ltr'><strong><em>μᾶλλον</em></strong></span> <span class='ocrx_word' id='word_1_43' title='bbox 1198 949 1351 1031; x_wconf 76' lang='grc' dir='ltr'><strong><em>σκόλλυν,</em></strong></span> 
     </span>
     <span class='ocr_line' id='line_1_7' title="bbox 309 1055 1350 1145; baseline -0.011 -11"><span class='ocrx_word' id='word_1_44' title='bbox 309 1073 362 1136; x_wconf 90' lang='lat' dir='ltr'><strong>ubi</strong></span> <span class='ocrx_word' id='word_1_45' title='bbox 374 1081 455 1132; x_wconf 83' lang='lat' dir='ltr'><strong>recte</strong></span> <span class='ocrx_word' id='word_1_46' title='bbox 469 1066 619 1145; x_wconf 83' lang='lat' dir='ltr'><strong>corrigtmt</strong></span> <span class='ocrx_word' id='word_1_47' title='bbox 641 1057 791 1144; x_wconf 71' lang='grc' dir='ltr'><strong><em>,μαλλιίν</em></strong></span> <span class='ocrx_word' id='word_1_48' title='bbox 811 1056 835 1145; x_wconf 76' lang='grc' dir='ltr'><em>ἢ</em></span> <span class='ocrx_word' id='word_1_49' title='bbox 851 1055 1015 1126; x_wconf 69' lang='grc' dir='ltr'><strong>σιιίίλλτιιίι</strong></span> <span class='ocrx_word' id='word_1_50' title='bbox 1037 1072 1105 1122; x_wconf 87' lang='lat' dir='ltr'><strong>ets.</strong></span> <span class='ocrx_word' id='word_1_51' title='bbox 1121 1081 1152 1122; x_wconf 81' lang='lat' dir='ltr'><strong>v.</strong></span> <span class='ocrx_word' id='word_1_52' title='bbox 1175 1055 1350 1134; x_wconf 69' lang='lat' dir='ltr'><strong>„Mesiidc&#39;</strong></span> 
     </span>
     <span class='ocr_line' id='line_1_8' title="bbox 308 1156 1350 1252; baseline -0.013 -15"><span class='ocrx_word' id='word_1_53' title='bbox 308 1168 347 1237; x_wconf 77' lang='grc' dir='ltr'><strong>τὰ</strong></span> <span class='ocrx_word' id='word_1_54' title='bbox 375 1168 466 1252; x_wconf 77' lang='grc' dir='ltr'><strong><em>ἔριον</em></strong></span> <span class='ocrx_word' id='word_1_55' title='bbox 493 1164 549 1232; x_wconf 77' lang='grc' dir='ltr'><strong>καί</strong></span> <span class='ocrx_word' id='word_1_56' title='bbox 577 1161 598 1250; x_wconf 80' lang='grc' dir='ltr'><strong><em>ἡ</em></strong></span> <span class='ocrx_word' id='word_1_57' title='bbox 626 1160 806 1247; x_wconf 71' lang='grc' dir='ltr'><strong><em>καθειμένη</em></strong></span> <span class='ocrx_word' id='word_1_58' title='bbox 826 1158 977 1247; x_wconf 87' lang='grc' dir='ltr'><strong><em>κόμη-</em></strong></span> <span class='ocrx_word' id='word_1_59' title='bbox 1000 1157 1019 1228; x_wconf 86' lang='grc' dir='ltr'><strong><em>ὁ</em></strong></span> <span class='ocrx_word' id='word_1_60' title='bbox 1049 1159 1160 1242; x_wconf 79' lang='grc' dir='ltr'><strong><em>κίκριξ</em></strong></span> <span class='ocrx_word' id='word_1_61' title='bbox 1179 1158 1235 1226; x_wconf 82' lang='grc' dir='ltr'><strong>καὶ</strong></span> <span class='ocrx_word' id='word_1_62' title='bbox 1258 1156 1350 1226; x_wconf 86' lang='grc' dir='ltr'><strong><em>σκόλ-</em></strong></span> 
     </span>
     <span class='ocr_line' id='line_1_9' title="bbox 310 1261 1350 1349; baseline -0.014 -11"><span class='ocrx_word' id='word_1_63' title='bbox 310 1277 397 1349; x_wconf 83' lang='grc' dir='ltr'><strong><em>λνς“</em></strong></span> <span class='ocrx_word' id='word_1_64' title='bbox 420 1283 495 1334; x_wconf 90' lang='lat' dir='ltr'><strong>ets.</strong></span> <span class='ocrx_word' id='word_1_65' title='bbox 513 1291 544 1334; x_wconf 82' lang='lat' dir='ltr'><strong>v</strong></span> <span class='ocrx_word' id='word_1_66' title='bbox 566 1261 770 1343; x_wconf 75' lang='grc' dir='ltr'><strong><em>,,Σοιόλλυρ“</em></strong></span> <span class='ocrx_word' id='word_1_67' title='bbox 793 1277 823 1328; x_wconf 85' lang='lat' dir='ltr'><strong>et</strong></span> <span class='ocrx_word' id='word_1_68' title='bbox 841 1267 969 1328; x_wconf 85' lang='lat' dir='ltr'><strong>elibi-</strong></span> <span class='ocrx_word' id='word_1_69' title='bbox 992 1263 1109 1346; x_wconf 83' lang='lat' dir='ltr'><strong>Athen.</strong></span> <span class='ocrx_word' id='word_1_70' title='bbox 1130 1265 1176 1327; x_wconf 91' lang='lat' dir='ltr'><strong>ib.</strong></span> <span class='ocrx_word' id='word_1_71' title='bbox 1173 1283 1216 1348; x_wconf 87' lang='lat' dir='ltr'><strong>p.</strong></span> <span class='ocrx_word' id='word_1_72' title='bbox 1208 1261 1302 1340; x_wconf 73' lang='lat' dir='ltr'><strong>.,d96</strong></span> <span class='ocrx_word' id='word_1_73' title='bbox 1324 1284 1350 1326; x_wconf 88' lang='lat' dir='ltr'><strong>a.</strong></span> 
     </span>
     <span class='ocr_line' id='line_1_10' title="bbox 310 1359 1351 1488; baseline -0.013 -48.732"><span class='ocrx_word' id='word_1_74' title='bbox 310 1369 515 1457; x_wconf 56' lang='grc' dir='ltr'><strong><em>ακλημοχόη·</em></strong></span> <span class='ocrx_word' id='word_1_75' title='bbox 550 1369 670 1444; x_wconf 74' lang='grc' dir='ltr'><strong><em>σκεῦος</em></strong></span> <span class='ocrx_word' id='word_1_76' title='bbox 706 1369 891 1449; x_wconf 75' lang='grc' dir='ltr'><strong><em>κεραμεοῦν</em></strong></span> <span class='ocrx_word' id='word_1_77' title='bbox 926 1365 1130 1488; x_wconf 75' lang='grc' dir='ltr'><strong><em>βεμβικῶδες</em></strong></span> <span class='ocrx_word' id='word_1_78' title='bbox 1157 1359 1335 1444; x_wconf 75' lang='grc' dir='ltr'><strong><em>ἑδραῖον</em></strong></span> <span class='ocrx_word' id='word_1_79' title='bbox 1320 1385 1351 1446; x_wconf 80' lang='grc' dir='ltr'><strong>η-</strong></span> 
     </span>
    </p>
   </div>
   <div class='ocr_carea' id='block_1_4' title="bbox 311 1459 1434 1560">
    <p class='ocr_par' dir='ltr' id='par_1_4' title="bbox 311 1459 1434 1560">
     <span class='ocr_line' id='line_1_11' title="bbox 311 1459 1434 1560; baseline -0.012 -18"><span class='ocrx_word' id='word_1_80' title='bbox 311 1479 412 1560; x_wconf 80' lang='grc' dir='ltr'><strong><em>συηῇ·</em></strong></span> <span class='ocrx_word' id='word_1_81' title='bbox 408 1460 673 1538; x_wconf 73' lang='grc' dir='ltr'><strong><em>ὃκοτυλίσκον</em></strong></span> <span class='ocrx_word' id='word_1_82' title='bbox 691 1465 773 1532; x_wconf 77' lang='grc' dir='ltr'><strong><em>ἔνιοι</em></strong></span> <span class='ocrx_word' id='word_1_83' title='bbox 780 1463 1106 1550; x_wconf 76' lang='grc' dir='ltr'><strong><em>κροςαμορεύουσιν,</em></strong></span> <span class='ocrx_word' id='word_1_84' title='bbox 1130 1462 1220 1550; x_wconf 71' lang='lat' dir='ltr'><strong>eigo</strong></span> <span class='ocrx_word' id='word_1_85' title='bbox 1213 1459 1349 1549; x_wconf 62' lang='lat' dir='ltr'><strong>..litium</strong></span> <span class='ocrx_word' id='word_1_86' title='bbox 1432 1519 1434 1528; x_wconf 79' lang='grc'><strong>.</strong></span> 
     </span>
    </p>
   </div>
   <div class='ocr_carea' id='block_1_5' title="bbox 309 1566 1350 1664">
    <p class='ocr_par' dir='ltr' id='par_1_5' title="bbox 309 1566 1350 1664">
     <span class='ocr_line' id='line_1_12' title="bbox 309 1566 1350 1664; baseline -0.011 -21"><span class='ocrx_word' id='word_1_87' title='bbox 309 1581 454 1664; x_wconf 74' lang='grc' dir='ltr'><strong><em>χρῶνται</em></strong></span> <span class='ocrx_word' id='word_1_88' title='bbox 476 1571 512 1640; x_wconf 80' lang='lat' dir='ltr'><strong>de</strong></span> <span class='ocrx_word' id='word_1_89' title='bbox 534 1567 625 1656; x_wconf 75' lang='lat' dir='ltr'><strong>adrui</strong></span> <span class='ocrx_word' id='word_1_90' title='bbox 646 1568 683 1636; x_wconf 78' lang='grc' dir='ltr'><strong>ἐν</strong></span> <span class='ocrx_word' id='word_1_91' title='bbox 699 1566 861 1636; x_wconf 77' lang='grc' dir='ltr'><strong><em>Ἐλευσῖνι</em></strong></span> <span class='ocrx_word' id='word_1_92' title='bbox 889 1573 929 1655; x_wconf 83' lang='grc' dir='ltr'><strong>τῇ</strong></span> <span class='ocrx_word' id='word_1_93' title='bbox 952 1569 1119 1656; x_wconf 73' lang='grc' dir='ltr'><strong><em>τελευταίᾳ</em></strong></span> <span class='ocrx_word' id='word_1_94' title='bbox 1145 1570 1214 1634; x_wconf 71' lang='grc' dir='ltr'><strong>τῶν</strong></span> <span class='ocrx_word' id='word_1_95' title='bbox 1234 1581 1350 1650; x_wconf 82' lang='grc' dir='ltr'><strong><em>μυστη·</em></strong></span> 
     </span>
    </p>
   </div>
   <div class='ocr_carea' id='block_1_6' title="bbox 309 1665 1434 1920">
    <p class='ocr_par' dir='ltr' id='par_1_6' title="bbox 309 1665 1434 1866">
     <span class='ocr_line' id='line_1_13' title="bbox 311 1665 1434 1777; baseline -0.033 -15"><span class='ocrx_word' id='word_1_96' title='bbox 311 1681 420 1762; x_wconf 66' lang='grc' dir='ltr'><strong>οίων“</strong></span> <span class='ocrx_word' id='word_1_97' title='bbox 450 1679 585 1759; x_wconf 62' lang='lat' dir='ltr'><strong>Hffiych·</strong></span> <span class='ocrx_word' id='word_1_98' title='bbox 614 1667 879 1758; x_wconf 63' lang='lat' dir='ltr'><strong>›sfflussoxdu-</strong></span> <span class='ocrx_word' id='word_1_99' title='bbox 899 1674 940 1756; x_wconf 77' lang='grc' dir='ltr'><strong>τῇ</strong></span> <span class='ocrx_word' id='word_1_100' title='bbox 969 1668 1125 1756; x_wconf 74' lang='grc' dir='ltr'><strong><em>ὑστεραίᾳ</em></strong></span> <span class='ocrx_word' id='word_1_101' title='bbox 1154 1665 1261 1755; x_wconf 76' lang='grc' dir='ltr'><strong><em>ημέρᾳ</em></strong></span> <span class='ocrx_word' id='word_1_102' title='bbox 1286 1671 1350 1735; x_wconf 75' lang='grc' dir='ltr'><strong>κεῖν</strong></span> <span class='ocrx_word' id='word_1_103' title='bbox 1433 1731 1434 1777; x_wconf 66' lang='lat'>;</span> 
     </span>
     <span class='ocr_line' id='line_1_14' title="bbox 309 1771 1434 1920; baseline -0.019 -69"><span class='ocrx_word' id='word_1_104' title='bbox 309 1780 501 1920; x_wconf 83' lang='grc' dir='ltr'><strong><em>μυστηρίων</em></strong></span> <span class='ocrx_word' id='word_1_105' title='bbox 521 1775 738 1853; x_wconf 72' lang='grc' dir='ltr'><strong><em>κοτυλίσκους</em></strong></span> <span class='ocrx_word' id='word_1_106' title='bbox 762 1777 958 1859; x_wconf 81' lang='grc' dir='ltr'><strong><em>πληροῦσιν,</em></strong></span> <span class='ocrx_word' id='word_1_107' title='bbox 987 1771 1048 1852; x_wconf 72' lang='grc' dir='ltr'><strong>οὓς</strong></span> <span class='ocrx_word' id='word_1_108' title='bbox 1070 1777 1209 1840; x_wconf 84' lang='grc' dir='ltr'><strong><em>καλοῦσι</em></strong></span> <span class='ocrx_word' id='word_1_109' title='bbox 1229 1776 1350 1856; x_wconf 76' lang='grc' dir='ltr'><strong><em>τλημο-</em></strong></span> <span class='ocrx_word' id='word_1_110' title='bbox 1433 1787 1434 1804; x_wconf 60' lang='lat'>¹</span> 
     </span>
    </p>
   </div>
   <div class='ocr_carea' id='block_1_7' title="bbox 311 1871 1350 1969">
    <p class='ocr_par' dir='ltr' id='par_1_7' title="bbox 311 1871 1350 1969">
     <span class='ocr_line' id='line_1_15' title="bbox 311 1871 1350 1969; baseline -0.011 -19"><span class='ocrx_word' id='word_1_111' title='bbox 311 1881 418 1969; x_wconf 74' lang='grc' dir='ltr'><strong><em>χόας“</em></strong></span> <span class='ocrx_word' id='word_1_112' title='bbox 439 1917 481 1930; x_wconf 94' lang='grc'>-</span> <span class='ocrx_word' id='word_1_113' title='bbox 503 1880 580 1944; x_wconf 85' lang='lat' dir='ltr'><strong>Ath.</strong></span> <span class='ocrx_word' id='word_1_114' title='bbox 593 1879 639 1944; x_wconf 91' lang='lat' dir='ltr'><strong>Ib</strong></span> <span class='ocrx_word' id='word_1_115' title='bbox 653 1882 726 1958; x_wconf 87' lang='grc'><strong>502,</strong></span> <span class='ocrx_word' id='word_1_116' title='bbox 749 1880 779 1940; x_wconf 91' lang='lat' dir='ltr'><strong>b.</strong></span> <span class='ocrx_word' id='word_1_117' title='bbox 802 1876 1012 1959; x_wconf 82' lang='grc' dir='ltr'><strong><em>,,·φιλοτησία</em></strong></span> <span class='ocrx_word' id='word_1_118' title='bbox 1034 1873 1128 1956; x_wconf 79' lang='grc' dir='ltr'><strong><em>κύλιξ</em></strong></span> <span class='ocrx_word' id='word_1_119' title='bbox 1148 1897 1206 1954; x_wconf 80' lang='grc' dir='ltr'><strong><em>τις,</em></strong></span> <span class='ocrx_word' id='word_1_120' title='bbox 1227 1871 1271 1958; x_wconf 77' lang='grc' dir='ltr'><strong>ἣν</strong></span> <span class='ocrx_word' id='word_1_121' title='bbox 1294 1897 1350 1940; x_wconf 88' lang='grc' dir='ltr'><strong>κα-</strong></span> 
     </span>
    </p>
   </div>
   <div class='ocr_carea' id='block_1_8' title="bbox 183 1973 1351 2076">
    <p class='ocr_par' dir='ltr' id='par_1_8' title="bbox 183 1973 1351 2076">
     <span class='ocr_line' id='line_1_16' title="bbox 183 1973 1351 2076; baseline -0.01 -22"><span class='ocrx_word' id='word_1_122' title='bbox 183 2007 186 2012; x_wconf 93' lang='grc'><strong><em>·</em></strong></span> <span class='ocrx_word' id='word_1_123' title='bbox 263 2021 267 2027; x_wconf 88' lang='grc'><strong><em>·</em></strong></span> <span class='ocrx_word' id='word_1_124' title='bbox 310 2011 351 2052; x_wconf 85' lang='grc' dir='ltr'><strong><em>τοι</em></strong></span> <span class='ocrx_word' id='word_1_125' title='bbox 341 1985 488 2071; x_wconf 84' lang='grc' dir='ltr'><strong><em>φιλίαν</em></strong></span> <span class='ocrx_word' id='word_1_126' title='bbox 505 1978 717 2062; x_wconf 59' lang='grc' dir='ltr'><strong><em>προῦπινον,</em></strong></span> <span class='ocrx_word' id='word_1_127' title='bbox 748 1973 850 2062; x_wconf 73' lang='grc' dir='ltr'><strong>ὥςφ</strong></span> <span class='ocrx_word' id='word_1_128' title='bbox 876 1977 1010 2064; x_wconf 68' lang='lat' dir='ltr'><strong>qurqa“</strong></span> <span class='ocrx_word' id='word_1_129' title='bbox 1039 1981 1189 2076; x_wconf 74' lang='lat' dir='ltr'><strong>Hesyoh.</strong></span> <span class='ocrx_word' id='word_1_130' title='bbox 1198 1979 1351 2060; x_wconf 55' lang='grc' dir='ltr'><strong><em>η-φιλοτη</em></strong></span> 
     </span>
    </p>
   </div>
   <div class='ocr_carea' id='block_1_9' title="bbox 311 2065 1350 2273">
    <p class='ocr_par' dir='ltr' id='par_1_9' title="bbox 311 2065 1350 2271">
     <span class='ocr_line' id='line_1_17' title="bbox 311 2065 1230 2170; baseline -0.015 -14"><span class='ocrx_word' id='word_1_131' title='bbox 311 2089 382 2156; x_wconf 89' lang='grc' dir='ltr'><strong><em>σία·</em></strong></span> <span class='ocrx_word' id='word_1_132' title='bbox 405 2083 568 2166; x_wconf 64' lang='lat' dir='ltr'><strong>estuante</strong></span> <span class='ocrx_word' id='word_1_133' title='bbox 588 2105 637 2157; x_wconf 82' lang='grc' dir='ltr'><strong><em>τις</em></strong></span> <span class='ocrx_word' id='word_1_134' title='bbox 650 2074 741 2165; x_wconf 70' lang='grc' dir='ltr'><strong><em>μετὰ</em></strong></span> <span class='ocrx_word' id='word_1_135' title='bbox 762 2075 801 2152; x_wconf 81' lang='grc' dir='ltr'><strong>τὸ</strong></span> <span class='ocrx_word' id='word_1_136' title='bbox 823 2079 1001 2146; x_wconf 76' lang='lat' dir='ltr'><strong>desnuov‘</strong></span> <span class='ocrx_word' id='word_1_137' title='bbox 980 2079 1063 2164; x_wconf 87' lang='grc' dir='ltr'><strong><em>υιτερ</em></strong></span> <span class='ocrx_word' id='word_1_138' title='bbox 1086 2065 1230 2170; x_wconf 77' lang='grc' dir='ltr'><strong><em>φιλίας.“</em></strong></span> 
     </span>
     <span class='ocr_line' id='line_1_18' title="bbox 320 2182 1350 2273; baseline -0.006 -23.522"><span class='ocrx_word' id='word_1_139' title='bbox 320 2188 485 2267; x_wconf 87' lang='lat' dir='ltr'><strong>Quae</strong></span> <span class='ocrx_word' id='word_1_140' title='bbox 507 2184 631 2271; x_wconf 88' lang='lat' dir='ltr'><strong>quidem</strong></span> <span class='ocrx_word' id='word_1_141' title='bbox 650 2206 744 2248; x_wconf 83' lang='lat' dir='ltr'><strong>voces</strong></span> <span class='ocrx_word' id='word_1_142' title='bbox 766 2206 874 2247; x_wconf 89' lang='lat' dir='ltr'><strong>omnes</strong></span> <span class='ocrx_word' id='word_1_143' title='bbox 899 2207 993 2270; x_wconf 92' lang='lat' dir='ltr'><strong>quum</strong></span> <span class='ocrx_word' id='word_1_144' title='bbox 1012 2187 1128 2273; x_wconf 75' lang='lat' dir='ltr'><strong>nrdlam</strong></span> <span class='ocrx_word' id='word_1_145' title='bbox 1146 2182 1350 2244; x_wconf 86' lang='lat' dir='ltr'><strong>difficultatem</strong></span> 
     </span>
    </p>
   </div>
   <div class='ocr_carea' id='block_1_10' title="bbox 309 2229 1350 2578">
    <p class='ocr_par' dir='ltr' id='par_1_10' title="bbox 309 2229 1350 2578">
     <span class='ocr_line' id='line_1_19' title="bbox 310 2229 1350 2374; baseline -0.007 -20"><span class='ocrx_word' id='word_1_146' title='bbox 310 2229 471 2367; x_wconf 77' lang='lat' dir='ltr'><strong>moneant,</strong></span> <span class='ocrx_word' id='word_1_147' title='bbox 493 2287 559 2350; x_wconf 91' lang='lat' dir='ltr'><strong>aliis</strong></span> <span class='ocrx_word' id='word_1_148' title='bbox 572 2287 670 2366; x_wconf 82' lang='lat' dir='ltr'><strong>magis</strong></span> <span class='ocrx_word' id='word_1_149' title='bbox 687 2285 880 2372; x_wconf 78' lang='lat' dir='ltr'><strong>impedimen</strong></span> <span class='ocrx_word' id='word_1_150' title='bbox 921 2286 972 2350; x_wconf 84' lang='lat' dir='ltr'><strong>Ac</strong></span> <span class='ocrx_word' id='word_1_151' title='bbox 989 2289 1121 2374; x_wconf 90' lang='lat' dir='ltr'><strong>primum</strong></span> <span class='ocrx_word' id='word_1_152' title='bbox 1138 2283 1263 2371; x_wconf 90' lang='lat' dir='ltr'><strong>quidem</strong></span> <span class='ocrx_word' id='word_1_153' title='bbox 1277 2307 1350 2370; x_wconf 88' lang='lat' dir='ltr'><strong>quo-</strong></span> 
     </span>
     <span class='ocr_line' id='line_1_20' title="bbox 309 2389 1350 2475; baseline -0.004 -21"><span class='ocrx_word' id='word_1_154' title='bbox 309 2393 395 2454; x_wconf 86' lang='lat' dir='ltr'><strong>niam</strong></span> <span class='ocrx_word' id='word_1_155' title='bbox 421 2391 454 2452; x_wconf 92' lang='lat' dir='ltr'><strong>in</strong></span> <span class='ocrx_word' id='word_1_156' title='bbox 473 2392 652 2475; x_wconf 82' lang='lat' dir='ltr'><strong>poculorum</strong></span> <span class='ocrx_word' id='word_1_157' title='bbox 677 2390 853 2452; x_wconf 87' lang='lat' dir='ltr'><strong>nominibus</strong></span> <span class='ocrx_word' id='word_1_158' title='bbox 878 2389 1090 2452; x_wconf 87' lang='lat' dir='ltr'><strong>enmnerandis</strong></span> <span class='ocrx_word' id='word_1_159' title='bbox 1116 2409 1290 2467; x_wconf 73' lang='lat' dir='ltr'>versamur,</span> <span class='ocrx_word' id='word_1_160' title='bbox 1316 2409 1350 2450; x_wconf 86' lang='lat' dir='ltr'><strong>ea</strong></span> 
     </span>
     <span class='ocr_line' id='line_1_21' title="bbox 311 2492 1349 2578; baseline -0.003 -21"><span class='ocrx_word' id='word_1_161' title='bbox 311 2494 471 2572; x_wconf 80' lang='lat' dir='ltr'><strong>adeamus,</strong></span> <span class='ocrx_word' id='word_1_162' title='bbox 500 2514 577 2578; x_wconf 87' lang='lat' dir='ltr'><strong>quae</strong></span> <span class='ocrx_word' id='word_1_163' title='bbox 600 2515 639 2555; x_wconf 86' lang='lat' dir='ltr'><strong>ex</strong></span> <span class='ocrx_word' id='word_1_164' title='bbox 659 2511 766 2555; x_wconf 91' lang='lat' dir='ltr'><strong>eorum</strong></span> <span class='ocrx_word' id='word_1_165' title='bbox 787 2514 916 2556; x_wconf 87' lang='lat' dir='ltr'><strong>numero</strong></span> <span class='ocrx_word' id='word_1_166' title='bbox 937 2492 1018 2578; x_wconf 87' lang='lat' dir='ltr'><strong>apud</strong></span> <span class='ocrx_word' id='word_1_167' title='bbox 1035 2493 1226 2574; x_wconf 83' lang='lat' dir='ltr'><strong>Hesychium</strong></span> <span class='ocrx_word' id='word_1_168' title='bbox 1246 2495 1349 2556; x_wconf 79' lang='lat' dir='ltr'><strong>frosm</strong></span> 
     </span>
    </p>
   </div>
   <div class='ocr_carea' id='block_1_11' title="bbox 309 2581 1433 2886">
    <p class='ocr_par' dir='ltr' id='par_1_11' title="bbox 309 2581 1433 2886">
     <span class='ocr_line' id='line_1_22' title="bbox 309 2581 1433 2682; baseline -0.003 -23"><span class='ocrx_word' id='word_1_169' title='bbox 309 2607 501 2682; x_wconf 87' lang='lat' dir='ltr'><strong>quaenmtur.</strong></span> <span class='ocrx_word' id='word_1_170' title='bbox 551 2594 615 2658; x_wconf 87' lang='lat' dir='ltr'><strong>Sed</strong></span> <span class='ocrx_word' id='word_1_171' title='bbox 635 2595 765 2681; x_wconf 79' lang='lat' dir='ltr'><strong>praefari</strong></span> <span class='ocrx_word' id='word_1_172' title='bbox 787 2617 899 2681; x_wconf 84' lang='lat' dir='ltr'><strong>pauca,</strong></span> <span class='ocrx_word' id='word_1_173' title='bbox 926 2615 1004 2664; x_wconf 82' lang='lat' dir='ltr'><strong>ere</strong></span> <span class='ocrx_word' id='word_1_174' title='bbox 1031 2595 1091 2680; x_wconf 63' lang='lat' dir='ltr'><strong>erit⁸</strong></span> <span class='ocrx_word' id='word_1_175' title='bbox 1110 2606 1223 2658; x_wconf 86' lang='lat' dir='ltr'><strong>nostra.</strong></span> <span class='ocrx_word' id='word_1_176' title='bbox 1273 2595 1350 2657; x_wconf 86' lang='lat' dir='ltr'><strong>Nam</strong></span> <span class='ocrx_word' id='word_1_177' title='bbox 1432 2581 1433 2626; x_wconf 44' lang='grc' dir='ltr'><strong>ἶ</strong></span> 
     </span>
     <span class='ocr_line' id='line_1_23' title="bbox 310 2687 1433 2784; baseline -0.004 -22"><span class='ocrx_word' id='word_1_178' title='bbox 310 2699 465 2762; x_wconf 80' lang='lat' dir='ltr'><strong>Athenaei</strong></span> <span class='ocrx_word' id='word_1_179' title='bbox 487 2693 773 2780; x_wconf 72' lang='grc' dir='ltr'><strong><em>δειπνοσοφιστῶν</em></strong></span> <span class='ocrx_word' id='word_1_180' title='bbox 792 2698 869 2760; x_wconf 88' lang='lat' dir='ltr'><strong>liber</strong></span> <span class='ocrx_word' id='word_1_181' title='bbox 894 2696 1074 2760; x_wconf 85' lang='lat' dir='ltr'><strong>undecimus</strong></span> <span class='ocrx_word' id='word_1_182' title='bbox 1099 2699 1163 2759; x_wconf 87' lang='lat' dir='ltr'><strong>fere</strong></span> <span class='ocrx_word' id='word_1_183' title='bbox 1189 2719 1287 2784; x_wconf 88' lang='lat' dir='ltr'><strong>usque</strong></span> <span class='ocrx_word' id='word_1_184' title='bbox 1313 2696 1349 2761; x_wconf 84' lang='lat' dir='ltr'><strong>ad</strong></span> <span class='ocrx_word' id='word_1_185' title='bbox 1432 2687 1433 2696; x_wconf 14' lang='grc' dir='ltr'><strong>ἶ</strong></span> 
     </span>
     <span class='ocr_line' id='line_1_24' title="bbox 309 2797 1433 2886; baseline -0.002 -22"><span class='ocrx_word' id='word_1_186' title='bbox 309 2804 405 2864; x_wconf 79' lang='lat' dir='ltr'><strong>tinem</strong></span> <span class='ocrx_word' id='word_1_187' title='bbox 423 2800 573 2864; x_wconf 75' lang='lat' dir='ltr'><strong>Plutarchi</strong></span> <span class='ocrx_word' id='word_1_188' title='bbox 593 2798 750 2880; x_wconf 83' lang='lat' dir='ltr'><strong>cuiusdam</strong></span> <span class='ocrx_word' id='word_1_189' title='bbox 772 2799 992 2862; x_wconf 77' lang='lat' dir='ltr'><strong>enarrationem</strong></span> <span class='ocrx_word' id='word_1_190' title='bbox 1014 2797 1054 2860; x_wconf 88' lang='lat' dir='ltr'><strong>de</strong></span> <span class='ocrx_word' id='word_1_191' title='bbox 1067 2800 1190 2884; x_wconf 85' lang='lat' dir='ltr'><strong>¹poculis</strong></span> <span class='ocrx_word' id='word_1_192' title='bbox 1213 2821 1350 2886; x_wconf 90' lang='lat' dir='ltr'><strong>compre-</strong></span> <span class='ocrx_word' id='word_1_193' title='bbox 1432 2819 1433 2826; x_wconf 55' lang='lat'>¹</span> 
     </span>
    </p>
   </div>
   <div class='ocr_carea' id='block_1_12' title="bbox 306 2901 1350 3602">
    <p class='ocr_par' dir='ltr' id='par_1_12' title="bbox 306 2901 1350 3602">
     <span class='ocr_line' id='line_1_25' title="bbox 307 2901 1350 2989; baseline -0.004 -21"><span class='ocrx_word' id='word_1_194' title='bbox 307 2904 432 2982; x_wconf 87' lang='lat' dir='ltr'><strong>hendit,</strong></span> <span class='ocrx_word' id='word_1_195' title='bbox 451 2925 482 2988; x_wconf 84' lang='lat' dir='ltr'><strong>p.</strong></span> <span class='ocrx_word' id='word_1_196' title='bbox 503 2902 565 2972; x_wconf 73' lang='lat'><strong>460</strong></span> <span class='ocrx_word' id='word_1_197' title='bbox 580 2941 603 2950; x_wconf 92' lang='lat'><strong>-·</strong></span> <span class='ocrx_word' id='word_1_198' title='bbox 635 2901 714 2981; x_wconf 82' lang='lat'><strong>504,</strong></span> <span class='ocrx_word' id='word_1_199' title='bbox 742 2924 872 2987; x_wconf 83' lang='lat' dir='ltr'><strong>quorum</strong></span> <span class='ocrx_word' id='word_1_200' title='bbox 892 2923 997 2966; x_wconf 80' lang='lat' dir='ltr'>caussa</span> <span class='ocrx_word' id='word_1_201' title='bbox 1015 2913 1132 2964; x_wconf 89' lang='lat' dir='ltr'><strong>mature</strong></span> <span class='ocrx_word' id='word_1_202' title='bbox 1152 2915 1350 2989; x_wconf 85' lang='lat' dir='ltr'><strong>prompteque</strong></span> 
     </span>
     <span class='ocr_line' id='line_1_26' title="bbox 306 3002 1350 3092; baseline 0 -24"><span class='ocrx_word' id='word_1_203' title='bbox 306 3006 491 3069; x_wconf 72' lang='lat' dir='ltr'><strong>convenisse</strong></span> <span class='ocrx_word' id='word_1_204' title='bbox 512 3025 581 3068; x_wconf 88' lang='lat' dir='ltr'><strong>sese</strong></span> <span class='ocrx_word' id='word_1_205' title='bbox 603 3006 752 3068; x_wconf 77' lang='lat' dir='ltr'><strong>convivae</strong></span> <span class='ocrx_word' id='word_1_206' title='bbox 772 3006 959 3092; x_wconf 78' lang='lat' dir='ltr'><strong>confitentur.</strong></span> <span class='ocrx_word' id='word_1_207' title='bbox 1002 3002 1179 3086; x_wconf 81' lang='lat' dir='ltr'><strong>Praemissis</strong></span> <span class='ocrx_word' id='word_1_208' title='bbox 1197 3007 1288 3085; x_wconf 83' lang='lat' dir='ltr'><strong>igitur</strong></span> <span class='ocrx_word' id='word_1_209' title='bbox 1304 3027 1350 3088; x_wconf 83' lang='lat' dir='ltr'><strong>re-</strong></span> 
     </span>
     <span class='ocr_line' id='line_1_27' title="bbox 310 3105 1349 3192; baseline 0.001 -21"><span class='ocrx_word' id='word_1_210' title='bbox 310 3113 367 3172; x_wconf 90' lang='lat' dir='ltr'><strong>bus</strong></span> <span class='ocrx_word' id='word_1_211' title='bbox 383 3107 536 3189; x_wconf 87' lang='lat' dir='ltr'><strong>nonnullis</strong></span> <span class='ocrx_word' id='word_1_212' title='bbox 554 3107 632 3168; x_wconf 85' lang='lat' dir='ltr'><strong>scitu</strong></span> <span class='ocrx_word' id='word_1_213' title='bbox 651 3105 849 3185; x_wconf 79' lang='lat' dir='ltr'><strong>dignissimis,</strong></span> <span class='ocrx_word' id='word_1_214' title='bbox 870 3110 1048 3192; x_wconf 88' lang='lat' dir='ltr'><strong>poculorum</strong></span> <span class='ocrx_word' id='word_1_215' title='bbox 1065 3108 1149 3170; x_wconf 84' lang='lat' dir='ltr'><strong>varia</strong></span> <span class='ocrx_word' id='word_1_216' title='bbox 1171 3109 1300 3170; x_wconf 90' lang='lat' dir='ltr'><strong>nomina</strong></span> <span class='ocrx_word' id='word_1_217' title='bbox 1314 3129 1349 3172; x_wconf 83' lang='lat' dir='ltr'><strong>ex</strong></span> 
     </span>
     <span class='ocr_line' id='line_1_28' title="bbox 309 3208 1350 3300; baseline -0.002 -26"><span class='ocrx_word' id='word_1_218' title='bbox 309 3212 474 3274; x_wconf 87' lang='lat' dir='ltr'><strong>litterarum</strong></span> <span class='ocrx_word' id='word_1_219' title='bbox 487 3208 564 3272; x_wconf 88' lang='lat' dir='ltr'><strong>serie</strong></span> <span class='ocrx_word' id='word_1_220' title='bbox 578 3209 781 3286; x_wconf 83' lang='lat' dir='ltr'><strong>enumeravit,</strong></span> <span class='ocrx_word' id='word_1_221' title='bbox 802 3230 833 3300; x_wconf 78' lang='lat' dir='ltr'><strong>p.</strong></span> <span class='ocrx_word' id='word_1_222' title='bbox 856 3212 924 3278; x_wconf 78' lang='grc'><strong>782,</strong></span> <span class='ocrx_word' id='word_1_223' title='bbox 940 3231 1023 3296; x_wconf 88' lang='lat' dir='ltr'><strong>seqq.</strong></span> <span class='ocrx_word' id='word_1_224' title='bbox 1065 3208 1132 3270; x_wconf 88' lang='lat' dir='ltr'><strong>Iam</strong></span> <span class='ocrx_word' id='word_1_225' title='bbox 1154 3233 1250 3295; x_wconf 91' lang='lat' dir='ltr'><strong>quum</strong></span> <span class='ocrx_word' id='word_1_226' title='bbox 1272 3209 1350 3296; x_wconf 90' lang='lat' dir='ltr'><strong>apud</strong></span> 
     </span>
     <span class='ocr_line' id='line_1_29' title="bbox 308 3309 1349 3398; baseline -0.003 -20"><span class='ocrx_word' id='word_1_227' title='bbox 308 3326 427 3378; x_wconf 80' lang='lat' dir='ltr'><strong>ueteres</strong></span> <span class='ocrx_word' id='word_1_228' title='bbox 440 3313 604 3375; x_wconf 84' lang='lat' dir='ltr'><strong>litterarmn</strong></span> <span class='ocrx_word' id='word_1_229' title='bbox 623 3310 715 3373; x_wconf 86' lang='lat' dir='ltr'><strong>series</strong></span> <span class='ocrx_word' id='word_1_230' title='bbox 729 3309 855 3374; x_wconf 79' lang='lat' dir='ltr'><strong>diversis</strong></span> <span class='ocrx_word' id='word_1_231' title='bbox 870 3309 972 3384; x_wconf 88' lang='lat' dir='ltr'><strong>modis</strong></span> <span class='ocrx_word' id='word_1_232' title='bbox 984 3322 1138 3392; x_wconf 82' lang='lat' dir='ltr'><strong>tractetur,</strong></span> <span class='ocrx_word' id='word_1_233' title='bbox 1160 3312 1227 3375; x_wconf 82' lang='lat' dir='ltr'><strong>aliis</strong></span> <span class='ocrx_word' id='word_1_234' title='bbox 1239 3314 1349 3398; x_wconf 87' lang='lat' dir='ltr'><strong>primas</strong></span> 
     </span>
     <span class='ocr_line' id='line_1_30' title="bbox 308 3413 1349 3501; baseline -0.002 -21"><span class='ocrx_word' id='word_1_235' title='bbox 308 3429 425 3487; x_wconf 89' lang='lat' dir='ltr'><strong>tantum</strong></span> <span class='ocrx_word' id='word_1_236' title='bbox 438 3417 550 3478; x_wconf 85' lang='lat' dir='ltr'><strong>litteras</strong></span> <span class='ocrx_word' id='word_1_237' title='bbox 564 3413 809 3493; x_wconf 72' lang='lat' dir='ltr'><strong>obseruantibus,</strong></span> <span class='ocrx_word' id='word_1_238' title='bbox 832 3415 897 3478; x_wconf 82' lang='lat' dir='ltr'><strong>aliis</strong></span> <span class='ocrx_word' id='word_1_239' title='bbox 911 3413 1059 3478; x_wconf 83' lang='lat' dir='ltr'><strong>secundas</strong></span> <span class='ocrx_word' id='word_1_240' title='bbox 1073 3437 1193 3501; x_wconf 90' lang='lat' dir='ltr'><strong>quoque</strong></span> <span class='ocrx_word' id='word_1_241' title='bbox 1206 3428 1237 3478; x_wconf 90' lang='lat' dir='ltr'><strong>et</strong></span> <span class='ocrx_word' id='word_1_242' title='bbox 1249 3417 1349 3478; x_wconf 85' lang='lat' dir='ltr'><strong>tertias</strong></span> 
     </span>
     <span class='ocr_line' id='line_1_31' title="bbox 308 3517 1349 3602; baseline 0 -22"><span class='ocrx_word' id='word_1_243' title='bbox 308 3529 527 3602; x_wconf 84' lang='lat' dir='ltr'><strong>sequentesque</strong></span> <span class='ocrx_word' id='word_1_244' title='bbox 553 3539 617 3578; x_wconf 95' lang='lat' dir='ltr'><strong>non</strong></span> <span class='ocrx_word' id='word_1_245' title='bbox 643 3517 880 3598; x_wconf 83' lang='lat' dir='ltr'><strong>negligentibus3</strong></span> <span class='ocrx_word' id='word_1_246' title='bbox 910 3539 1002 3602; x_wconf 90' lang='lat' dir='ltr'><strong>quam</strong></span> <span class='ocrx_word' id='word_1_247' title='bbox 1022 3517 1202 3583; x_wconf 85' lang='lat' dir='ltr'><strong>Athenaeus</strong></span> <span class='ocrx_word' id='word_1_248' title='bbox 1230 3530 1349 3580; x_wconf 85' lang='lat' dir='ltr'><strong>secutus</strong></span> 
     </span>
    </p>
   </div>
   <div class='ocr_carea' id='block_1_13' title="bbox 304 3617 1432 3706">
    <p class='ocr_par' dir='ltr' id='par_1_13' title="bbox 304 3617 1432 3706">
     <span class='ocr_line' id='line_1_32' title="bbox 304 3617 1432 3706; baseline -0.004 -22"><span class='ocrx_word' id='word_1_249' title='bbox 304 3621 348 3702; x_wconf 85' lang='lat' dir='ltr'><strong>sit</strong></span> <span class='ocrx_word' id='word_1_250' title='bbox 372 3621 536 3696; x_wconf 89' lang='lat' dir='ltr'><strong>rationem,</strong></span> <span class='ocrx_word' id='word_1_251' title='bbox 564 3619 721 3704; x_wconf 77' lang='lat' dir='ltr'><strong>quaerituu.</strong></span> <span class='ocrx_word' id='word_1_252' title='bbox 773 3617 877 3698; x_wconf 82' lang='lat' dir='ltr'><strong>Quam</strong></span> <span class='ocrx_word' id='word_1_253' title='bbox 903 3619 1027 3705; x_wconf 90' lang='lat' dir='ltr'><strong>quidem</strong></span> <span class='ocrx_word' id='word_1_254' title='bbox 1046 3619 1271 3706; x_wconf 86' lang='lat' dir='ltr'><strong>quaestionem,</strong></span> <span class='ocrx_word' id='word_1_255' title='bbox 1300 3618 1349 3704; x_wconf 94' lang='lat' dir='ltr'><strong>qui</strong></span> <span class='ocrx_word' id='word_1_256' title='bbox 1431 3665 1432 3668; x_wconf 22' lang='grc' dir='ltr'><strong><em>ι</em></strong></span> 
     </span>
    </p>
   </div>
   <div class='ocr_carea' id='block_1_14' title="bbox 308 3722 1349 3808">
    <p class='ocr_par' dir='ltr' id='par_1_14' title="bbox 308 3722 1349 3808">
     <span class='ocr_line' id='line_1_33' title="bbox 308 3722 1349 3808; baseline 0.005 -26"><span class='ocrx_word' id='word_1_257' title='bbox 308 3723 453 3784; x_wconf 85' lang='lat' dir='ltr'><strong>hactenus</strong></span> <span class='ocrx_word' id='word_1_258' title='bbox 466 3743 533 3784; x_wconf 88' lang='lat' dir='ltr'><strong>rem</strong></span> <span class='ocrx_word' id='word_1_259' title='bbox 544 3723 719 3802; x_wconf 80' lang='lat' dir='ltr'><strong>tetigenmt,</strong></span> <span class='ocrx_word' id='word_1_260' title='bbox 740 3744 780 3783; x_wconf 93' lang='lat' dir='ltr'><strong>ne</strong></span> <span class='ocrx_word' id='word_1_261' title='bbox 792 3734 1013 3808; x_wconf 85' lang='lat' dir='ltr'><strong>proposuerunt</strong></span> <span class='ocrx_word' id='word_1_262' title='bbox 1028 3722 1167 3807; x_wconf 83' lang='lat' dir='ltr'><strong>quidem3</strong></span> <span class='ocrx_word' id='word_1_263' title='bbox 1189 3734 1224 3783; x_wconf 92' lang='lat' dir='ltr'><strong>ut</strong></span> <span class='ocrx_word' id='word_1_264' title='bbox 1242 3723 1349 3786; x_wconf 83' lang='lat' dir='ltr'><strong>verisi-</strong></span> 
     </span>
    </p>
   </div>
   <div class='ocr_carea' id='block_1_15' title="bbox 308 3817 1432 3910">
    <p class='ocr_par' dir='ltr' id='par_1_15' title="bbox 308 3817 1432 3910">
     <span class='ocr_line' id='line_1_34' title="bbox 308 3817 1432 3910; baseline 0.004 -26"><span class='ocrx_word' id='word_1_265' title='bbox 308 3822 381 3884; x_wconf 87' lang='lat' dir='ltr'><strong>mile</strong></span> <span class='ocrx_word' id='word_1_266' title='bbox 396 3833 459 3898; x_wconf 88' lang='lat' dir='ltr'><strong>est,</strong></span> <span class='ocrx_word' id='word_1_267' title='bbox 481 3824 550 3906; x_wconf 88' lang='lat' dir='ltr'><strong>quia</strong></span> <span class='ocrx_word' id='word_1_268' title='bbox 569 3825 715 3909; x_wconf 83' lang='lat' dir='ltr'><strong>exemplis</strong></span> <span class='ocrx_word' id='word_1_269' title='bbox 736 3821 917 3908; x_wconf 89' lang='lat' dir='ltr'><strong>quibusdam</strong></span> <span class='ocrx_word' id='word_1_270' title='bbox 936 3826 1062 3903; x_wconf 83' lang='lat' dir='ltr'><strong>turbati,</strong></span> <span class='ocrx_word' id='word_1_271' title='bbox 1082 3825 1196 3910; x_wconf 86' lang='lat' dir='ltr'><strong>primas</strong></span> <span class='ocrx_word' id='word_1_272' title='bbox 1215 3837 1348 3888; x_wconf 82' lang='lat' dir='ltr'><strong>tanturn·</strong></span> <span class='ocrx_word' id='word_1_273' title='bbox 1431 3817 1432 3886; x_wconf 64' lang='grc' dir='ltr'><strong><em>ί</em></strong></span> 
     </span>
    </p>
   </div>
   <div class='ocr_carea' id='block_1_16' title="bbox 306 3921 1347 4219">
    <p class='ocr_par' dir='ltr' id='par_1_16' title="bbox 306 3921 1347 4219">
     <span class='ocr_line' id='line_1_35' title="bbox 306 3921 1347 4013; baseline 0.004 -27"><span class='ocrx_word' id='word_1_274' title='bbox 306 3921 403 3986; x_wconf 85' lang='lat' dir='ltr'><strong>modo</strong></span> <span class='ocrx_word' id='word_1_275' title='bbox 418 3924 529 3986; x_wconf 85' lang='lat' dir='ltr'><strong>litteras</strong></span> <span class='ocrx_word' id='word_1_276' title='bbox 543 3937 657 3988; x_wconf 85' lang='lat' dir='ltr'><strong>curatas</strong></span> <span class='ocrx_word' id='word_1_277' title='bbox 678 3945 745 3988; x_wconf 89' lang='lat' dir='ltr'><strong>esse</strong></span> <span class='ocrx_word' id='word_1_278' title='bbox 760 3935 947 4000; x_wconf 78' lang='lat' dir='ltr'><strong>censuerunt.</strong></span> <span class='ocrx_word' id='word_1_279' title='bbox 990 3926 1097 4011; x_wconf 89' lang='lat' dir='ltr'><strong>Neque</strong></span> <span class='ocrx_word' id='word_1_280' title='bbox 1115 3939 1275 4013; x_wconf 85' lang='lat' dir='ltr'><strong>propterea</strong></span> <span class='ocrx_word' id='word_1_281' title='bbox 1287 3949 1347 3994; x_wconf 79' lang='lat' dir='ltr'><strong>‚eos</strong></span> 
     </span>
     <span class='ocr_line' id='line_1_36' title="bbox 306 4025 1347 4114; baseline 0 -23"><span class='ocrx_word' id='word_1_282' title='bbox 306 4025 561 4114; x_wconf 85' lang='lat' dir='ltr'><strong>reprehenderim.</strong></span> <span class='ocrx_word' id='word_1_283' title='bbox 605 4026 666 4090; x_wconf 86' lang='lat' dir='ltr'><strong>Sed</strong></span> <span class='ocrx_word' id='word_1_284' title='bbox 691 4028 718 4090; x_wconf 90' lang='lat' dir='ltr'><strong>si</strong></span> <span class='ocrx_word' id='word_1_285' title='bbox 739 4025 902 4088; x_wconf 83' lang='lat' dir='ltr'><strong>accuratius</strong></span> <span class='ocrx_word' id='word_1_286' title='bbox 923 4030 1103 4111; x_wconf 88' lang='lat' dir='ltr'><strong>poculorum</strong></span> <span class='ocrx_word' id='word_1_287' title='bbox 1123 4031 1251 4113; x_wconf 86' lang='lat' dir='ltr'><strong>nomina</strong></span> <span class='ocrx_word' id='word_1_288' title='bbox 1274 4052 1347 4098; x_wconf 88' lang='lat' dir='ltr'><strong>con-</strong></span> 
     </span>
     <span class='ocr_line' id='line_1_37' title="bbox 306 4127 1346 4219; baseline 0 -24"><span class='ocrx_word' id='word_1_289' title='bbox 306 4129 501 4219; x_wconf 79' lang='lat' dir='ltr'><strong>templamur,</strong></span> <span class='ocrx_word' id='word_1_290' title='bbox 528 4149 703 4216; x_wconf 82' lang='lat' dir='ltr'><strong>quanquam</strong></span> <span class='ocrx_word' id='word_1_291' title='bbox 732 4127 884 4194; x_wconf 84' lang='lat' dir='ltr'><strong>interdum</strong></span> <span class='ocrx_word' id='word_1_292' title='bbox 902 4129 1051 4216; x_wconf 71' lang='lat' dir='ltr'><strong>⁸ordinem</strong></span> <span class='ocrx_word' id='word_1_293' title='bbox 1071 4136 1253 4216; x_wconf 31' lang='lat' dir='ltr'><strong>,neglectum</strong></span> <span class='ocrx_word' id='word_1_294' title='bbox 1280 4153 1346 4198; x_wconf 88' lang='lat' dir='ltr'><strong>esse</strong></span> 
     </span>
    </p>
   </div>
   <div class='ocr_carea' id='block_1_17' title="bbox 0 0 1464 4806">
    <p class='ocr_par' dir='ltr' id='par_1_17' title="bbox 0 0 1464 4806">
     <span class='ocr_line' id='line_1_38' title="bbox 0 0 1464 4806; baseline 0 1"><span class='ocrx_word' id='word_1_295' title='bbox 0 0 1464 4806; x_wconf 95' lang='lat' dir='ltr'><strong> </strong></span> 
     </span>
    </p>
   </div>
  </div>
 </body>
</html>
