<?xml version="1.0" encoding="UTF-8"?>
<!DOCTYPE html PUBLIC "-//W3C//DTD XHTML 1.0 Transitional//EN"
    "http://www.w3.org/TR/xhtml1/DTD/xhtml1-transitional.dtd">
<html xmlns="http://www.w3.org/1999/xhtml" xml:lang="en" lang="en">
 <head>
  <title>
</title>
<meta http-equiv="Content-Type" content="text/html;charset=utf-8" />
  <meta name='ocr-system' content='tesseract 3.04.00' />
  <meta name='ocr-capabilities' content='ocr_page ocr_carea ocr_par ocr_line ocrx_word'/>
</head>
<body>
  <div class='ocr_page' id='page_1' title='image "./caroliferdinand01rankgoog_0017.png"; bbox 0 0 2894 4816; ppageno 0'>
   <div class='ocr_carea' id='block_1_1' title="bbox 290 531 1335 929">
    <p class='ocr_par' dir='ltr' id='par_1_1' title="bbox 290 531 1335 929">
     <span class='ocr_line' id='line_1_1' title="bbox 290 531 1335 620; baseline 0.001 -23"><span class='ocrx_word' id='word_1_1' title='bbox 290 535 374 616; x_wconf 75' lang='lat' dir='ltr'><strong>tigni</strong></span> <span class='ocrx_word' id='word_1_2' title='bbox 397 545 483 617; x_wconf 73' lang='lat' dir='ltr'><strong>sunt3</strong></span> <span class='ocrx_word' id='word_1_3' title='bbox 504 534 556 620; x_wconf 89' lang='lat' dir='ltr'><strong>qui</strong></span> <span class='ocrx_word' id='word_1_4' title='bbox 574 555 638 596; x_wconf 88' lang='lat' dir='ltr'><strong>uun</strong></span> <span class='ocrx_word' id='word_1_5' title='bbox 656 533 819 598; x_wconf 82' lang='lat' dir='ltr'><strong>hominum</strong></span> <span class='ocrx_word' id='word_1_6' title='bbox 837 531 986 600; x_wconf 70' lang='lat' dir='ltr'><strong>desidiam</strong></span> <span class='ocrx_word' id='word_1_7' title='bbox 1012 531 1171 614; x_wconf 82' lang='lat' dir='ltr'><strong>adiuvate,</strong></span> <span class='ocrx_word' id='word_1_8' title='bbox 1213 533 1335 598; x_wconf 89' lang='lat' dir='ltr'><strong>sedle-</strong></span> 
     </span>
     <span class='ocr_line' id='line_1_2' title="bbox 291 633 1335 725; baseline 0 -25"><span class='ocrx_word' id='word_1_9' title='bbox 291 637 427 718; x_wconf 79' lang='lat' dir='ltr'><strong>gentium</strong></span> <span class='ocrx_word' id='word_1_10' title='bbox 441 633 665 725; x_wconf 84' lang='lat' dir='ltr'><strong>¹commoditati</strong></span> <span class='ocrx_word' id='word_1_11' title='bbox 692 658 879 718; x_wconf 74' lang='lat' dir='ltr'>succurrere,</span> <span class='ocrx_word' id='word_1_12' title='bbox 918 648 949 700; x_wconf 91' lang='lat' dir='ltr'><strong>et</strong></span> <span class='ocrx_word' id='word_1_13' title='bbox 976 635 1153 702; x_wconf 81' lang='lat' dir='ltr'><strong>omittendis</strong></span> <span class='ocrx_word' id='word_1_14' title='bbox 1181 638 1335 715; x_wconf 89' lang='lat' dir='ltr'><strong>omnibus,</strong></span> 
     </span>
     <span class='ocr_line' id='line_1_3' title="bbox 292 739 1334 824; baseline 0 -22"><span class='ocrx_word' id='word_1_15' title='bbox 292 760 369 824; x_wconf 82' lang='lat' dir='ltr'><strong>quae</strong></span> <span class='ocrx_word' id='word_1_16' title='bbox 389 760 453 803; x_wconf 83' lang='lat' dir='ltr'><strong>non</strong></span> <span class='ocrx_word' id='word_1_17' title='bbox 471 739 642 803; x_wconf 84' lang='lat' dir='ltr'><strong>necessaria</strong></span> <span class='ocrx_word' id='word_1_18' title='bbox 666 752 764 819; x_wconf 79' lang='lat' dir='ltr'><strong>erant,</strong></span> <span class='ocrx_word' id='word_1_19' title='bbox 792 741 885 804; x_wconf 89' lang='lat' dir='ltr'><strong>libros</strong></span> <span class='ocrx_word' id='word_1_20' title='bbox 905 739 945 802; x_wconf 88' lang='lat' dir='ltr'><strong>ad</strong></span> <span class='ocrx_word' id='word_1_21' title='bbox 967 761 1056 803; x_wconf 80' lang='lat' dir='ltr'><strong>mum</strong></span> <span class='ocrx_word' id='word_1_22' title='bbox 1086 741 1184 804; x_wconf 88' lang='lat' dir='ltr'><strong>multo</strong></span> <span class='ocrx_word' id='word_1_23' title='bbox 1203 741 1334 824; x_wconf 85' lang='lat' dir='ltr'><strong>aptiores</strong></span> 
     </span>
     <span class='ocr_line' id='line_1_4' title="bbox 291 839 1335 929; baseline 0 -25"><span class='ocrx_word' id='word_1_24' title='bbox 291 839 419 905; x_wconf 87' lang='lat' dir='ltr'><strong>reddere</strong></span> <span class='ocrx_word' id='word_1_25' title='bbox 441 843 686 929; x_wconf 69' lang='lat' dir='ltr'><strong>concupiverunt.</strong></span> <span class='ocrx_word' id='word_1_26' title='bbox 729 839 793 904; x_wconf 88' lang='lat' dir='ltr'><strong>Sed</strong></span> <span class='ocrx_word' id='word_1_27' title='bbox 806 843 867 904; x_wconf 92' lang='lat' dir='ltr'><strong>hoc</strong></span> <span class='ocrx_word' id='word_1_28' title='bbox 882 844 987 906; x_wconf 88' lang='lat' dir='ltr'><strong>labore</strong></span> <span class='ocrx_word' id='word_1_29' title='bbox 1001 864 1059 906; x_wconf 92' lang='lat' dir='ltr'><strong>suo</strong></span> <span class='ocrx_word' id='word_1_30' title='bbox 1080 863 1172 928; x_wconf 85' lang='lat' dir='ltr'><strong>saepe</strong></span> <span class='ocrx_word' id='word_1_31' title='bbox 1184 844 1235 906; x_wconf 83' lang='lat' dir='ltr'><strong>vel</strong></span> <span class='ocrx_word' id='word_1_32' title='bbox 1247 843 1335 906; x_wconf 80' lang='lat' dir='ltr'><strong>inviti</strong></span> 
     </span>
    </p>
   </div>
   <div class='ocr_carea' id='block_1_2' title="bbox 292 943 1440 1236">
    <p class='ocr_par' dir='ltr' id='par_1_2' title="bbox 292 943 1440 1236">
     <span class='ocr_line' id='line_1_5' title="bbox 292 943 1440 1030; baseline -0.002 -23"><span class='ocrx_word' id='word_1_33' title='bbox 292 943 468 1028; x_wconf 76' lang='lat' dir='ltr'><strong>effecerunt,</strong></span> <span class='ocrx_word' id='word_1_34' title='bbox 484 944 688 1026; x_wconf 77' lang='lat' dir='ltr'><strong>utgrandiora</strong></span> <span class='ocrx_word' id='word_1_35' title='bbox 700 945 1333 1030; x_wconf 73' lang='lat' dir='ltr'><strong>illavoluminanegligereuturetperirent.</strong></span> <span class='ocrx_word' id='word_1_36' title='bbox 1439 983 1440 1020; x_wconf 75' lang='lat'><strong>,</strong></span> 
     </span>
     <span class='ocr_line' id='line_1_6' title="bbox 293 1041 1440 1134; baseline 0.001 -25"><span class='ocrx_word' id='word_1_37' title='bbox 293 1041 366 1124; x_wconf 79' lang='lat' dir='ltr'><strong>Quo</strong></span> <span class='ocrx_word' id='word_1_38' title='bbox 380 1049 477 1128; x_wconf 72' lang='lat' dir='ltr'><strong>famu,</strong></span> <span class='ocrx_word' id='word_1_39' title='bbox 499 1069 564 1111; x_wconf 90' lang='lat' dir='ltr'><strong>non</strong></span> <span class='ocrx_word' id='word_1_40' title='bbox 578 1069 646 1110; x_wconf 87' lang='lat' dir='ltr'><strong>raro</strong></span> <span class='ocrx_word' id='word_1_41' title='bbox 662 1047 754 1134; x_wconf 90' lang='lat' dir='ltr'><strong>primi</strong></span> <span class='ocrx_word' id='word_1_42' title='bbox 765 1049 913 1112; x_wconf 83' lang='lat' dir='ltr'><strong>librorrun</strong></span> <span class='ocrx_word' id='word_1_43' title='bbox 926 1060 1063 1116; x_wconf 83' lang='lat' dir='ltr'><strong>auctores</strong></span> <span class='ocrx_word' id='word_1_44' title='bbox 1076 1069 1116 1110; x_wconf 87' lang='lat' dir='ltr'><strong>ne</strong></span> <span class='ocrx_word' id='word_1_45' title='bbox 1129 1048 1256 1110; x_wconf 65' lang='lat' dir='ltr'><strong>nemina,</strong></span> <span class='ocrx_word' id='word_1_46' title='bbox 1267 1047 1334 1132; x_wconf 88' lang='lat' dir='ltr'><strong>qui-</strong></span> <span class='ocrx_word' id='word_1_47' title='bbox 1439 1075 1440 1110; x_wconf 58' lang='lat' dir='ltr'><strong>t</strong></span> 
     </span>
     <span class='ocr_line' id='line_1_7' title="bbox 294 1145 1440 1236; baseline 0.005 -28"><span class='ocrx_word' id='word_1_48' title='bbox 294 1145 366 1208; x_wconf 80' lang='lat' dir='ltr'><strong>dens</strong></span> <span class='ocrx_word' id='word_1_49' title='bbox 376 1168 432 1210; x_wconf 87' lang='lat' dir='ltr'><strong>sua</strong></span> <span class='ocrx_word' id='word_1_50' title='bbox 446 1150 614 1234; x_wconf 83' lang='lat' dir='ltr'><strong>posteritati</strong></span> <span class='ocrx_word' id='word_1_51' title='bbox 633 1148 835 1229; x_wconf 86' lang='lat' dir='ltr'><strong>tradiderunt,</strong></span> <span class='ocrx_word' id='word_1_52' title='bbox 855 1162 1011 1236; x_wconf 88' lang='lat' dir='ltr'><strong>totamque</strong></span> <span class='ocrx_word' id='word_1_53' title='bbox 1028 1171 1134 1229; x_wconf 85' lang='lat' dir='ltr'><strong>suam,</strong></span> <span class='ocrx_word' id='word_1_54' title='bbox 1156 1148 1292 1221; x_wconf 85' lang='lat' dir='ltr'><strong>doctrina</strong></span> <span class='ocrx_word' id='word_1_55' title='bbox 1304 1160 1335 1212; x_wconf 89' lang='lat' dir='ltr'><strong>et</strong></span> <span class='ocrx_word' id='word_1_56' title='bbox 1439 1169 1440 1214; x_wconf 77' lang='lat'>3</span> 
     </span>
    </p>
   </div>
   <div class='ocr_carea' id='block_1_3' title="bbox 291 1245 1391 2039">
    <p class='ocr_par' dir='ltr' id='par_1_3' title="bbox 291 1245 1391 2039">
     <span class='ocr_line' id='line_1_8' title="bbox 294 1245 1335 1338; baseline -0.004 -20"><span class='ocrx_word' id='word_1_57' title='bbox 294 1245 447 1326; x_wconf 64' lang='lat' dir='ltr'><strong>diligentia</strong></span> <span class='ocrx_word' id='word_1_58' title='bbox 463 1262 581 1335; x_wconf 81' lang='lat' dir='ltr'><strong>portam</strong></span> <span class='ocrx_word' id='word_1_59' title='bbox 601 1252 729 1331; x_wconf 75' lang='lat' dir='ltr'><strong>gloriam</strong></span> <span class='ocrx_word' id='word_1_60' title='bbox 743 1252 993 1337; x_wconf 80' lang='lat' dir='ltr'><strong>epitomatoribus</strong></span> <span class='ocrx_word' id='word_1_61' title='bbox 1006 1254 1205 1338; x_wconf 63' lang='lat' dir='ltr'><strong>reliquenmtp</strong></span> <span class='ocrx_word' id='word_1_62' title='bbox 1236 1253 1259 1314; x_wconf 90' lang='lat' dir='ltr'><strong>ii</strong></span> <span class='ocrx_word' id='word_1_63' title='bbox 1280 1273 1335 1314; x_wconf 87' lang='lat' dir='ltr'><strong>au-</strong></span> 
     </span>
     <span class='ocr_line' id='line_1_9' title="bbox 293 1351 1335 1441; baseline 0.003 -26"><span class='ocrx_word' id='word_1_64' title='bbox 293 1359 370 1426; x_wconf 78' lang='lat' dir='ltr'><strong>tem,</strong></span> <span class='ocrx_word' id='word_1_65' title='bbox 392 1351 501 1434; x_wconf 71' lang='lat' dir='ltr'><strong>quilius</strong></span> <span class='ocrx_word' id='word_1_66' title='bbox 519 1355 703 1434; x_wconf 83' lang='lat' dir='ltr'><strong>srrffecisset,</strong></span> <span class='ocrx_word' id='word_1_67' title='bbox 722 1354 853 1417; x_wconf 74' lang='lat' dir='ltr'><strong>silihris</strong></span> <span class='ocrx_word' id='word_1_68' title='bbox 870 1357 934 1419; x_wconf 88' lang='lat' dir='ltr'><strong>suis</strong></span> <span class='ocrx_word' id='word_1_69' title='bbox 953 1355 1020 1418; x_wconf 88' lang='lat' dir='ltr'><strong>sine</strong></span> <span class='ocrx_word' id='word_1_70' title='bbox 1031 1357 1128 1420; x_wconf 85' lang='lat' dir='ltr'><strong>multa</strong></span> <span class='ocrx_word' id='word_1_71' title='bbox 1142 1376 1235 1441; x_wconf 86' lang='lat' dir='ltr'><strong>opera</strong></span> <span class='ocrx_word' id='word_1_72' title='bbox 1249 1376 1335 1418; x_wconf 86' lang='lat' dir='ltr'><strong>com-</strong></span> 
     </span>
     <span class='ocr_line' id='line_1_10' title="bbox 292 1449 1336 1541; baseline 0.005 -28"><span class='ocrx_word' id='word_1_73' title='bbox 292 1449 398 1534; x_wconf 85' lang='lat' dir='ltr'><strong>positis</strong></span> <span class='ocrx_word' id='word_1_74' title='bbox 411 1453 493 1538; x_wconf 87' lang='lat' dir='ltr'><strong>apud</strong></span> <span class='ocrx_word' id='word_1_75' title='bbox 504 1467 644 1541; x_wconf 86' lang='lat' dir='ltr'><strong>posteros</strong></span> <span class='ocrx_word' id='word_1_76' title='bbox 659 1455 823 1519; x_wconf 73' lang='lat' dir='ltr'><strong>inluniae</strong></span> <span class='ocrx_word' id='word_1_77' title='bbox 836 1458 1046 1522; x_wconf 76' lang='lat' dir='ltr'><strong>testimonium</strong></span> <span class='ocrx_word' id='word_1_78' title='bbox 1062 1459 1255 1536; x_wconf 87' lang='lat' dir='ltr'><strong>habuissent,</strong></span> <span class='ocrx_word' id='word_1_79' title='bbox 1275 1457 1336 1518; x_wconf 90' lang='lat' dir='ltr'><strong>im-</strong></span> 
     </span>
     <span class='ocr_line' id='line_1_11' title="bbox 293 1553 1336 1638; baseline 0.008 -26"><span class='ocrx_word' id='word_1_80' title='bbox 293 1553 399 1614; x_wconf 85' lang='lat' dir='ltr'><strong>merita</strong></span> <span class='ocrx_word' id='word_1_81' title='bbox 415 1559 550 1620; x_wconf 88' lang='lat' dir='ltr'><strong>nominis</strong></span> <span class='ocrx_word' id='word_1_82' title='bbox 570 1561 653 1622; x_wconf 83' lang='lat' dir='ltr'><strong>fama</strong></span> <span class='ocrx_word' id='word_1_83' title='bbox 672 1561 819 1622; x_wconf 80' lang='lat' dir='ltr'><strong>fruunum</strong></span> <span class='ocrx_word' id='word_1_84' title='bbox 860 1559 901 1622; x_wconf 88' lang='lat' dir='ltr'><strong>Ut</strong></span> <span class='ocrx_word' id='word_1_85' title='bbox 919 1571 1024 1623; x_wconf 84' lang='lat' dir='ltr'><strong>autem</strong></span> <span class='ocrx_word' id='word_1_86' title='bbox 1043 1571 1146 1624; x_wconf 86' lang='lat' dir='ltr'><strong>nostra</strong></span> <span class='ocrx_word' id='word_1_87' title='bbox 1158 1571 1276 1638; x_wconf 86' lang='lat' dir='ltr'><strong>aetate,</strong></span> <span class='ocrx_word' id='word_1_88' title='bbox 1293 1559 1336 1620; x_wconf 85' lang='lat' dir='ltr'><strong>ita</strong></span> 
     </span>
     <span class='ocr_line' id='line_1_12' title="bbox 291 1655 1391 1748; baseline 0.006 -34"><span class='ocrx_word' id='word_1_89' title='bbox 291 1655 354 1714; x_wconf 86' lang='lat' dir='ltr'><strong>iam</strong></span> <span class='ocrx_word' id='word_1_90' title='bbox 373 1658 455 1742; x_wconf 85' lang='lat' dir='ltr'><strong>apud</strong></span> <span class='ocrx_word' id='word_1_91' title='bbox 472 1669 596 1726; x_wconf 67' lang='lat' dir='ltr'><strong>&#39;veteres</strong></span> <span class='ocrx_word' id='word_1_92' title='bbox 616 1660 649 1722; x_wconf 90' lang='lat' dir='ltr'><strong>in</strong></span> <span class='ocrx_word' id='word_1_93' title='bbox 672 1663 756 1724; x_wconf 86' lang='lat' dir='ltr'><strong>nullo</strong></span> <span class='ocrx_word' id='word_1_94' title='bbox 770 1663 936 1726; x_wconf 76' lang='lat' dir='ltr'><strong>litterarum</strong></span> <span class='ocrx_word' id='word_1_95' title='bbox 948 1684 1075 1745; x_wconf 77' lang='lat' dir='ltr'>genere,</span> <span class='ocrx_word' id='word_1_96' title='bbox 1095 1663 1217 1748; x_wconf 85' lang='lat' dir='ltr'><strong>saepius</strong></span> <span class='ocrx_word' id='word_1_97' title='bbox 1229 1679 1337 1724; x_wconf 77' lang='lat' dir='ltr'><strong>excer-</strong></span> <span class='ocrx_word' id='word_1_98' title='bbox 1388 1701 1391 1708; x_wconf 85' lang='lat'><em>·</em></span> 
     </span>
     <span class='ocr_line' id='line_1_13' title="bbox 291 1755 1336 1852; baseline -0.006 -24"><span class='ocrx_word' id='word_1_99' title='bbox 291 1755 400 1838; x_wconf 59' lang='lat' dir='ltr'><strong>pendis</strong></span> <span class='ocrx_word' id='word_1_100' title='bbox 424 1757 689 1850; x_wconf 79' lang='lat' dir='ltr'><strong>describendisque</strong></span> <span class='ocrx_word' id='word_1_101' title='bbox 709 1767 838 1828; x_wconf 84' lang='lat' dir='ltr'><strong>aliorum</strong></span> <span class='ocrx_word' id='word_1_102' title='bbox 855 1767 939 1830; x_wconf 64' lang='lat' dir='ltr'><strong>lutaris</strong></span> <span class='ocrx_word' id='word_1_103' title='bbox 963 1787 1089 1852; x_wconf 81' lang='lat' dir='ltr'><strong>operam</strong></span> <span class='ocrx_word' id='word_1_104' title='bbox 1111 1755 1259 1826; x_wconf 77' lang='lat' dir='ltr'><strong>dederunt</strong></span> <span class='ocrx_word' id='word_1_105' title='bbox 1275 1763 1336 1824; x_wconf 92' lang='lat' dir='ltr'><strong>ho-</strong></span> 
     </span>
     <span class='ocr_line' id='line_1_14' title="bbox 292 1857 1337 1952; baseline -0.005 -21"><span class='ocrx_word' id='word_1_106' title='bbox 292 1857 406 1938; x_wconf 59' lang='lat' dir='ltr'><strong>mines,</strong></span> <span class='ocrx_word' id='word_1_107' title='bbox 426 1884 519 1948; x_wconf 71' lang='lat' dir='ltr'><strong>(quam</strong></span> <span class='ocrx_word' id='word_1_108' title='bbox 533 1867 567 1928; x_wconf 87' lang='lat' dir='ltr'><strong>in</strong></span> <span class='ocrx_word' id='word_1_109' title='bbox 580 1868 699 1946; x_wconf 77' lang='lat' dir='ltr'><strong>lexicis,</strong></span> <span class='ocrx_word' id='word_1_110' title='bbox 723 1879 938 1952; x_wconf 81' lang='lat' dir='ltr'><strong>quaerocant,</strong></span> <span class='ocrx_word' id='word_1_111' title='bbox 960 1865 1186 1928; x_wconf 76' lang='lat' dir='ltr'><strong>concinnandis.</strong></span> <span class='ocrx_word' id='word_1_112' title='bbox 1218 1864 1337 1949; x_wconf 84' lang='lat' dir='ltr'><strong>ldipsa</strong></span> 
     </span>
     <span class='ocr_line' id='line_1_15' title="bbox 293 1958 1338 2039; baseline -0.002 -12"><span class='ocrx_word' id='word_1_113' title='bbox 293 1958 379 2039; x_wconf 68' lang='lat' dir='ltr'><strong>otigo</strong></span> <span class='ocrx_word' id='word_1_114' title='bbox 393 1968 559 2030; x_wconf 88' lang='lat' dir='ltr'><strong>multorum</strong></span> <span class='ocrx_word' id='word_1_115' title='bbox 572 1971 741 2030; x_wconf 87' lang='lat' dir='ltr'><strong>lexieorum</strong></span> <span class='ocrx_word' id='word_1_116' title='bbox 757 1966 857 2029; x_wconf 85' lang='lat' dir='ltr'><strong>docet.</strong></span> <span class='ocrx_word' id='word_1_117' title='bbox 899 1965 949 2027; x_wconf 87' lang='lat' dir='ltr'><strong>Ex</strong></span> <span class='ocrx_word' id='word_1_118' title='bbox 960 1963 1185 2026; x_wconf 83' lang='lat' dir='ltr'><strong>commentariis</strong></span> <span class='ocrx_word' id='word_1_119' title='bbox 1199 1963 1338 2025; x_wconf 88' lang='lat' dir='ltr'><strong>enimad</strong></span> 
     </span>
    </p>
   </div>
   <div class='ocr_carea' id='block_1_4' title="bbox 292 2059 1440 2153">
    <p class='ocr_par' dir='ltr' id='par_1_4' title="bbox 292 2059 1440 2153">
     <span class='ocr_line' id='line_1_16' title="bbox 292 2059 1440 2153; baseline 0.008 -33"><span class='ocrx_word' id='word_1_120' title='bbox 292 2059 427 2140; x_wconf 83' lang='lat' dir='ltr'><strong>singulos</strong></span> <span class='ocrx_word' id='word_1_121' title='bbox 441 2069 601 2152; x_wconf 73' lang='lat' dir='ltr'><strong>scriptores</strong></span> <span class='ocrx_word' id='word_1_122' title='bbox 621 2065 830 2152; x_wconf 79' lang='lat' dir='ltr'><strong>explanandos</strong></span> <span class='ocrx_word' id='word_1_123' title='bbox 850 2065 1026 2153; x_wconf 86' lang='lat' dir='ltr'><strong>compositis</strong></span> <span class='ocrx_word' id='word_1_124' title='bbox 1042 2087 1082 2128; x_wconf 83' lang='lat' dir='ltr'><strong>ex</strong></span> <span class='ocrx_word' id='word_1_125' title='bbox 1096 2076 1181 2151; x_wconf 82' lang='lat' dir='ltr'><strong>porte</strong></span> <span class='ocrx_word' id='word_1_126' title='bbox 1196 2067 1337 2128; x_wconf 86' lang='lat' dir='ltr'><strong>confecta</strong></span> <span class='ocrx_word' id='word_1_127' title='bbox 1439 2129 1440 2140; x_wconf 60' lang='grc'>,</span> 
     </span>
    </p>
   </div>
   <div class='ocr_carea' id='block_1_5' title="bbox 257 2162 1439 3171">
    <p class='ocr_par' dir='ltr' id='par_1_5' title="bbox 257 2162 1439 3171">
     <span class='ocr_line' id='line_1_17' title="bbox 291 2162 1337 2256; baseline 0.012 -39"><span class='ocrx_word' id='word_1_128' title='bbox 291 2169 376 2238; x_wconf 91' lang='lat' dir='ltr'><strong>sunt,</strong></span> <span class='ocrx_word' id='word_1_129' title='bbox 397 2162 472 2229; x_wconf 86' lang='lat' dir='ltr'><strong>dum</strong></span> <span class='ocrx_word' id='word_1_130' title='bbox 484 2170 536 2230; x_wconf 85' lang='lat' dir='ltr'><strong>alii</strong></span> <span class='ocrx_word' id='word_1_131' title='bbox 555 2191 657 2232; x_wconf 77' lang='lat' dir='ltr'><strong>renum</strong></span> <span class='ocrx_word' id='word_1_132' title='bbox 670 2170 791 2255; x_wconf 80' lang='lat' dir='ltr'><strong>copiam</strong></span> <span class='ocrx_word' id='word_1_133' title='bbox 803 2170 848 2234; x_wconf 88' lang='lat' dir='ltr'><strong>ibi</strong></span> <span class='ocrx_word' id='word_1_134' title='bbox 860 2170 1057 2256; x_wconf 75' lang='lat' dir='ltr'><strong>explicatam,</strong></span> <span class='ocrx_word' id='word_1_135' title='bbox 1079 2169 1132 2230; x_wconf 85' lang='lat' dir='ltr'><strong>alii</strong></span> <span class='ocrx_word' id='word_1_136' title='bbox 1144 2169 1337 2247; x_wconf 74' lang='lat' dir='ltr'><strong>singtilmum</strong></span> 
     </span>
     <span class='ocr_line' id='line_1_18' title="bbox 290 2265 1337 2364; baseline 0.011 -44"><span class='ocrx_word' id='word_1_137' title='bbox 290 2265 509 2364; x_wconf 75' lang='lat' dir='ltr'><strong>vocabulorum</strong></span> <span class='ocrx_word' id='word_1_138' title='bbox 533 2271 808 2357; x_wconf 75' lang='lat' dir='ltr'><strong>interpretationes,</strong></span> <span class='ocrx_word' id='word_1_139' title='bbox 840 2273 892 2335; x_wconf 89' lang='lat' dir='ltr'><strong>alii</strong></span> <span class='ocrx_word' id='word_1_140' title='bbox 918 2274 1001 2352; x_wconf 86' lang='lat' dir='ltr'><strong>leges</strong></span> <span class='ocrx_word' id='word_1_141' title='bbox 1029 2271 1255 2352; x_wconf 77' lang='lat' dir='ltr'><strong>grammaticas,</strong></span> <span class='ocrx_word' id='word_1_142' title='bbox 1283 2271 1337 2332; x_wconf 83' lang='lat' dir='ltr'><strong>elil</strong></span> 
     </span>
     <span class='ocr_line' id='line_1_19' title="bbox 257 2361 1439 2460; baseline 0.011 -37"><span class='ocrx_word' id='word_1_143' title='bbox 257 2379 262 2396; x_wconf 70' lang='lat'><strong>⁴</strong></span> <span class='ocrx_word' id='word_1_144' title='bbox 290 2361 348 2424; x_wconf 85' lang='lat' dir='ltr'><strong>alia</strong></span> <span class='ocrx_word' id='word_1_145' title='bbox 362 2365 420 2427; x_wconf 87' lang='lat' dir='ltr'><strong>sibi</strong></span> <span class='ocrx_word' id='word_1_146' title='bbox 433 2372 602 2452; x_wconf 86' lang='lat' dir='ltr'><strong>seligsbant</strong></span> <span class='ocrx_word' id='word_1_147' title='bbox 612 2384 643 2435; x_wconf 86' lang='lat' dir='ltr'><strong>et</strong></span> <span class='ocrx_word' id='word_1_148' title='bbox 652 2374 854 2459; x_wconf 74' lang='lat' dir='ltr'><strong>peculiaribus</strong></span> <span class='ocrx_word' id='word_1_149' title='bbox 867 2376 1033 2454; x_wconf 80' lang='lat' dir='ltr'><strong>rrdgabant</strong></span> <span class='ocrx_word' id='word_1_150' title='bbox 1043 2375 1137 2437; x_wconf 85' lang='lat' dir='ltr'><strong>libris.</strong></span> <span class='ocrx_word' id='word_1_151' title='bbox 1178 2371 1247 2436; x_wconf 87' lang='lat' dir='ltr'><strong>Iam</strong></span> <span class='ocrx_word' id='word_1_152' title='bbox 1259 2395 1336 2437; x_wconf 81' lang='lat' dir='ltr'><strong>vero</strong></span> <span class='ocrx_word' id='word_1_153' title='bbox 1438 2437 1439 2460; x_wconf 16' lang='grc' dir='ltr'>ἶ</span> 
     </span>
     <span class='ocr_line' id='line_1_20' title="bbox 290 2473 1336 2555; baseline 0.011 -30"><span class='ocrx_word' id='word_1_154' title='bbox 290 2483 385 2548; x_wconf 91' lang='lat' dir='ltr'><strong>quum</strong></span> <span class='ocrx_word' id='word_1_155' title='bbox 399 2481 464 2534; x_wconf 84' lang='lat' dir='ltr'><strong>orta</strong></span> <span class='ocrx_word' id='word_1_156' title='bbox 481 2485 583 2538; x_wconf 81' lang='lat' dir='ltr'><strong>essem</strong></span> <span class='ocrx_word' id='word_1_157' title='bbox 601 2477 715 2555; x_wconf 78' lang='lat' dir='ltr'><strong>lexico,</strong></span> <span class='ocrx_word' id='word_1_158' title='bbox 736 2477 788 2538; x_wconf 88' lang='lat' dir='ltr'><strong>alii</strong></span> <span class='ocrx_word' id='word_1_159' title='bbox 801 2479 892 2540; x_wconf 83' lang='lat' dir='ltr'><strong>rebus</strong></span> <span class='ocrx_word' id='word_1_160' title='bbox 907 2477 940 2537; x_wconf 92' lang='lat' dir='ltr'><strong>in</strong></span> <span class='ocrx_word' id='word_1_161' title='bbox 957 2475 1119 2536; x_wconf 88' lang='lat' dir='ltr'><strong>meliorem</strong></span> <span class='ocrx_word' id='word_1_162' title='bbox 1130 2474 1271 2538; x_wconf 86' lang='lat' dir='ltr'><strong>ordinem</strong></span> <span class='ocrx_word' id='word_1_163' title='bbox 1286 2473 1336 2536; x_wconf 88' lang='lat' dir='ltr'><strong>di-</strong></span> 
     </span>
     <span class='ocr_line' id='line_1_21' title="bbox 291 2568 1335 2659; baseline 0.008 -29"><span class='ocrx_word' id='word_1_164' title='bbox 291 2568 447 2652; x_wconf 80' lang='lat' dir='ltr'><strong>gerendis,</strong></span> <span class='ocrx_word' id='word_1_165' title='bbox 468 2576 519 2638; x_wconf 84' lang='lat' dir='ltr'><strong>alii</strong></span> <span class='ocrx_word' id='word_1_166' title='bbox 538 2575 753 2642; x_wconf 75' lang='lat' dir='ltr'><strong>additamentis</strong></span> <span class='ocrx_word' id='word_1_167' title='bbox 773 2579 852 2659; x_wconf 86' lang='lat' dir='ltr'><strong>suis,</strong></span> <span class='ocrx_word' id='word_1_168' title='bbox 874 2579 926 2640; x_wconf 84' lang='lat' dir='ltr'><strong>alii</strong></span> <span class='ocrx_word' id='word_1_169' title='bbox 947 2576 1211 2640; x_wconf 80' lang='lat' dir='ltr'><strong>emendationibus</strong></span> <span class='ocrx_word' id='word_1_170' title='bbox 1227 2597 1335 2638; x_wconf 87' lang='lat' dir='ltr'><strong>neces-</strong></span> 
     </span>
     <span class='ocr_line' id='line_1_22' title="bbox 290 2669 1335 2766; baseline 0.004 -32"><span class='ocrx_word' id='word_1_171' title='bbox 290 2669 391 2752; x_wconf 74' lang='lat' dir='ltr'><strong>sariis,</strong></span> <span class='ocrx_word' id='word_1_172' title='bbox 425 2678 477 2739; x_wconf 84' lang='lat' dir='ltr'><strong>alii</strong></span> <span class='ocrx_word' id='word_1_173' title='bbox 496 2680 555 2741; x_wconf 89' lang='lat' dir='ltr'><strong>alia</strong></span> <span class='ocrx_word' id='word_1_174' title='bbox 575 2680 693 2742; x_wconf 85' lang='lat' dir='ltr'><strong>ratione</strong></span> <span class='ocrx_word' id='word_1_175' title='bbox 711 2680 860 2766; x_wconf 84' lang='lat' dir='ltr'><strong>prodesse</strong></span> <span class='ocrx_word' id='word_1_176' title='bbox 881 2681 1053 2764; x_wconf 88' lang='lat' dir='ltr'><strong>cupientes,</strong></span> <span class='ocrx_word' id='word_1_177' title='bbox 1084 2680 1219 2766; x_wconf 85' lang='lat' dir='ltr'><strong>priormn</strong></span> <span class='ocrx_word' id='word_1_178' title='bbox 1240 2699 1335 2762; x_wconf 89' lang='lat' dir='ltr'><strong>opera</strong></span> 
     </span>
     <span class='ocr_line' id='line_1_23' title="bbox 289 2767 1336 2868; baseline 0.006 -33"><span class='ocrx_word' id='word_1_179' title='bbox 289 2767 398 2836; x_wconf 77' lang='lat' dir='ltr'><strong>iterum</strong></span> <span class='ocrx_word' id='word_1_180' title='bbox 408 2778 579 2867; x_wconf 84' lang='lat' dir='ltr'><strong>iterumque</strong></span> <span class='ocrx_word' id='word_1_181' title='bbox 591 2783 766 2863; x_wconf 64' lang='lat' dir='ltr'><strong>vulgaruntr</strong></span> <span class='ocrx_word' id='word_1_182' title='bbox 787 2804 887 2867; x_wconf 88' lang='lat' dir='ltr'><strong>neque</strong></span> <span class='ocrx_word' id='word_1_183' title='bbox 899 2794 1038 2868; x_wconf 87' lang='lat' dir='ltr'><strong>poterant</strong></span> <span class='ocrx_word' id='word_1_184' title='bbox 1052 2802 1187 2867; x_wconf 85' lang='lat' dir='ltr'><strong>unquam</strong></span> <span class='ocrx_word' id='word_1_185' title='bbox 1198 2782 1336 2860; x_wconf 77' lang='lat' dir='ltr'><strong>singulo-</strong></span> 
     </span>
     <span class='ocr_line' id='line_1_24' title="bbox 289 2875 1335 2970; baseline 0.011 -39"><span class='ocrx_word' id='word_1_186' title='bbox 289 2889 357 2932; x_wconf 80' lang='lat' dir='ltr'><strong>nnn</strong></span> <span class='ocrx_word' id='word_1_187' title='bbox 371 2875 536 2944; x_wconf 81' lang='lat' dir='ltr'><strong>industriae</strong></span> <span class='ocrx_word' id='word_1_188' title='bbox 558 2884 744 2968; x_wconf 85' lang='lat' dir='ltr'><strong>honorisque</strong></span> <span class='ocrx_word' id='word_1_189' title='bbox 764 2883 920 2970; x_wconf 78' lang='lat' dir='ltr'><strong>cupiditati</strong></span> <span class='ocrx_word' id='word_1_190' title='bbox 940 2882 980 2945; x_wconf 82' lang='lat' dir='ltr'><strong>orl</strong></span> <span class='ocrx_word' id='word_1_191' title='bbox 996 2905 1079 2948; x_wconf 81' lang='lat' dir='ltr'><strong>nova</strong></span> <span class='ocrx_word' id='word_1_192' title='bbox 1100 2905 1193 2969; x_wconf 89' lang='lat' dir='ltr'><strong>opera</strong></span> <span class='ocrx_word' id='word_1_193' title='bbox 1214 2881 1335 2944; x_wconf 88' lang='lat' dir='ltr'><strong>edenda</strong></span> 
     </span>
     <span class='ocr_line' id='line_1_25' title="bbox 289 2974 1335 3050; baseline 0.02 -23"><span class='ocrx_word' id='word_1_194' title='bbox 289 2974 465 3040; x_wconf 82' lang='lat' dir='ltr'><strong>occasiones</strong></span> <span class='ocrx_word' id='word_1_195' title='bbox 479 2991 509 3042; x_wconf 92' lang='lat' dir='ltr'><strong>et</strong></span> <span class='ocrx_word' id='word_1_196' title='bbox 523 3003 647 3048; x_wconf 81' lang='lat' dir='ltr'><strong>caussae</strong></span> <span class='ocrx_word' id='word_1_197' title='bbox 665 2985 782 3050; x_wconf 82' lang='lat' dir='ltr'><strong>deesse.</strong></span> <span class='ocrx_word' id='word_1_198' title='bbox 825 2985 897 3050; x_wconf 87' lang='lat' dir='ltr'><strong>Non</strong></span> <span class='ocrx_word' id='word_1_199' title='bbox 912 2987 983 3048; x_wconf 87' lang='lat' dir='ltr'><strong>licet</strong></span> <span class='ocrx_word' id='word_1_200' title='bbox 997 2987 1087 3049; x_wconf 89' lang='lat' dir='ltr'><strong>nobis</strong></span> <span class='ocrx_word' id='word_1_201' title='bbox 1100 2996 1216 3047; x_wconf 80' lang='lat' dir='ltr'><strong>tantam</strong></span> <span class='ocrx_word' id='word_1_202' title='bbox 1229 2984 1335 3048; x_wconf 85' lang='lat' dir='ltr'><strong>homi-</strong></span> 
     </span>
     <span class='ocr_line' id='line_1_26' title="bbox 289 3073 1335 3171; baseline 0.015 -39"><span class='ocrx_word' id='word_1_203' title='bbox 289 3089 364 3133; x_wconf 86' lang='lat' dir='ltr'><strong>num</strong></span> <span class='ocrx_word' id='word_1_204' title='bbox 381 3073 561 3143; x_wconf 86' lang='lat' dir='ltr'><strong>industriam</strong></span> <span class='ocrx_word' id='word_1_205' title='bbox 581 3086 699 3164; x_wconf 83' lang='lat' dir='ltr'><strong>mirari,</strong></span> <span class='ocrx_word' id='word_1_206' title='bbox 722 3090 774 3171; x_wconf 90' lang='lat' dir='ltr'><strong>qui</strong></span> <span class='ocrx_word' id='word_1_207' title='bbox 793 3100 896 3151; x_wconf 84' lang='lat' dir='ltr'><strong>nostra</strong></span> <span class='ocrx_word' id='word_1_208' title='bbox 920 3100 1018 3150; x_wconf 87' lang='lat' dir='ltr'><strong>aetate</strong></span> <span class='ocrx_word' id='word_1_209' title='bbox 1030 3087 1140 3151; x_wconf 89' lang='lat' dir='ltr'><strong>eadem</strong></span> <span class='ocrx_word' id='word_1_210' title='bbox 1155 3085 1196 3149; x_wconf 85' lang='lat' dir='ltr'><strong>ad</strong></span> <span class='ocrx_word' id='word_1_211' title='bbox 1210 3087 1335 3150; x_wconf 84' lang='lat' dir='ltr'><strong>satieta-</strong></span> 
     </span>
    </p>
   </div>
   <div class='ocr_carea' id='block_1_6' title="bbox 287 3177 1436 3274">
    <p class='ocr_par' dir='ltr' id='par_1_6' title="bbox 287 3177 1436 3274">
     <span class='ocr_line' id='line_1_27' title="bbox 287 3177 1436 3274; baseline 0.018 -43"><span class='ocrx_word' id='word_1_212' title='bbox 287 3177 351 3234; x_wconf 86' lang='lat' dir='ltr'><strong>tem</strong></span> <span class='ocrx_word' id='word_1_213' title='bbox 365 3195 462 3262; x_wconf 88' lang='lat' dir='ltr'><strong>usque</strong></span> <span class='ocrx_word' id='word_1_214' title='bbox 480 3185 606 3269; x_wconf 87' lang='lat' dir='ltr'><strong>repetita</strong></span> <span class='ocrx_word' id='word_1_215' title='bbox 622 3198 654 3249; x_wconf 89' lang='lat' dir='ltr'><strong>et</strong></span> <span class='ocrx_word' id='word_1_216' title='bbox 666 3198 813 3251; x_wconf 81' lang='lat' dir='ltr'><strong>renovata</strong></span> <span class='ocrx_word' id='word_1_217' title='bbox 827 3186 1005 3269; x_wconf 79' lang='lat' dir='ltr'><strong>videamus3</strong></span> <span class='ocrx_word' id='word_1_218' title='bbox 1034 3189 1091 3252; x_wconf 92' lang='lat' dir='ltr'><strong>sed</strong></span> <span class='ocrx_word' id='word_1_219' title='bbox 1111 3191 1246 3274; x_wconf 84' lang='lat' dir='ltr'><strong>querelas</strong></span> <span class='ocrx_word' id='word_1_220' title='bbox 1260 3190 1334 3250; x_wconf 87' lang='lat' dir='ltr'><strong>fun-</strong></span> <span class='ocrx_word' id='word_1_221' title='bbox 1435 3199 1436 3202; x_wconf 76' lang='grc'>’</span> 
     </span>
    </p>
   </div>
   <div class='ocr_carea' id='block_1_7' title="bbox 285 3269 1436 4197">
    <p class='ocr_par' dir='ltr' id='par_1_7' title="bbox 285 3269 1436 4074">
     <span class='ocr_line' id='line_1_28' title="bbox 289 3269 1436 3375; baseline 0.017 -41"><span class='ocrx_word' id='word_1_222' title='bbox 289 3269 361 3338; x_wconf 89' lang='lat' dir='ltr'><strong>dore</strong></span> <span class='ocrx_word' id='word_1_223' title='bbox 374 3299 438 3342; x_wconf 91' lang='lat' dir='ltr'><strong>non</strong></span> <span class='ocrx_word' id='word_1_224' title='bbox 450 3283 596 3348; x_wconf 88' lang='lat' dir='ltr'><strong>iniustum</strong></span> <span class='ocrx_word' id='word_1_225' title='bbox 616 3286 750 3366; x_wconf 76' lang='lat' dir='ltr'><strong>videtin,</strong></span> <span class='ocrx_word' id='word_1_226' title='bbox 772 3288 857 3375; x_wconf 92' lang='lat' dir='ltr'><strong>quod</strong></span> <span class='ocrx_word' id='word_1_227' title='bbox 874 3293 1101 3375; x_wconf 79' lang='lat' dir='ltr'><strong>excerpentiurn</strong></span> <span class='ocrx_word' id='word_1_228' title='bbox 1113 3304 1143 3354; x_wconf 85' lang='lat' dir='ltr'><strong>et</strong></span> <span class='ocrx_word' id='word_1_229' title='bbox 1157 3291 1333 3354; x_wconf 89' lang='lat' dir='ltr'><strong>describeu-</strong></span> <span class='ocrx_word' id='word_1_230' title='bbox 1435 3275 1436 3278; x_wconf 8' lang='grc' dir='ltr'><strong>Ἴ</strong></span> 
     </span>
     <span class='ocr_line' id='line_1_29' title="bbox 288 3375 1333 3478; baseline 0.013 -37"><span class='ocrx_word' id='word_1_231' title='bbox 288 3375 364 3441; x_wconf 80' lang='lat' dir='ltr'><strong>tium</strong></span> <span class='ocrx_word' id='word_1_232' title='bbox 379 3379 533 3464; x_wconf 76' lang='lat' dir='ltr'><strong>diligentia</strong></span> <span class='ocrx_word' id='word_1_233' title='bbox 545 3398 661 3453; x_wconf 74' lang='lat' dir='ltr'><strong>motam</strong></span> <span class='ocrx_word' id='word_1_234' title='bbox 675 3390 714 3453; x_wconf 90' lang='lat' dir='ltr'><strong>de</strong></span> <span class='ocrx_word' id='word_1_235' title='bbox 727 3391 811 3453; x_wconf 89' lang='lat' dir='ltr'><strong>libris</strong></span> <span class='ocrx_word' id='word_1_236' title='bbox 825 3393 963 3472; x_wconf 79' lang='lat' dir='ltr'><strong>genuinis</strong></span> <span class='ocrx_word' id='word_1_237' title='bbox 976 3395 1135 3458; x_wconf 72' lang='lat' dir='ltr'><strong>rictmim</strong></span> <span class='ocrx_word' id='word_1_238' title='bbox 1149 3391 1333 3478; x_wconf 76' lang='lat' dir='ltr'><strong>deportavit.</strong></span> 
     </span>
     <span class='ocr_line' id='line_1_30' title="bbox 288 3475 1435 3579; baseline 0.005 -28"><span class='ocrx_word' id='word_1_239' title='bbox 288 3475 411 3546; x_wconf 66' lang='lat' dir='ltr'><strong>Etenim</strong></span> <span class='ocrx_word' id='word_1_240' title='bbox 432 3489 517 3572; x_wconf 88' lang='lat' dir='ltr'><strong>quod</strong></span> <span class='ocrx_word' id='word_1_241' title='bbox 533 3513 574 3555; x_wconf 85' lang='lat' dir='ltr'><strong>ne</strong></span> <span class='ocrx_word' id='word_1_242' title='bbox 589 3496 701 3557; x_wconf 90' lang='lat' dir='ltr'><strong>nostris</strong></span> <span class='ocrx_word' id='word_1_243' title='bbox 718 3494 802 3558; x_wconf 87' lang='lat' dir='ltr'><strong>libris</strong></span> <span class='ocrx_word' id='word_1_244' title='bbox 825 3494 994 3576; x_wconf 80' lang='lat' dir='ltr'><strong>contingat,</strong></span> <span class='ocrx_word' id='word_1_245' title='bbox 1023 3498 1224 3560; x_wconf 77' lang='lat' dir='ltr'><strong>vehementer</strong></span> <span class='ocrx_word' id='word_1_246' title='bbox 1241 3505 1332 3579; x_wconf 86' lang='lat' dir='ltr'><strong>opta-</strong></span> <span class='ocrx_word' id='word_1_247' title='bbox 1434 3515 1435 3518; x_wconf 45' lang='lat'>¹</span> 
     </span>
     <span class='ocr_line' id='line_1_31' title="bbox 288 3586 1332 3682; baseline 0.017 -42"><span class='ocrx_word' id='word_1_248' title='bbox 288 3597 373 3645; x_wconf 81' lang='lat' dir='ltr'><strong>mus:</strong></span> <span class='ocrx_word' id='word_1_249' title='bbox 395 3586 428 3647; x_wconf 92' lang='lat' dir='ltr'><strong>id</strong></span> <span class='ocrx_word' id='word_1_250' title='bbox 441 3593 562 3666; x_wconf 71' lang='lat' dir='ltr'><strong>fortuna</strong></span> <span class='ocrx_word' id='word_1_251' title='bbox 580 3595 712 3680; x_wconf 86' lang='lat' dir='ltr'><strong>quadarn</strong></span> <span class='ocrx_word' id='word_1_252' title='bbox 730 3598 955 3663; x_wconf 75' lang='lat' dir='ltr'><strong>illisreteribm</strong></span> <span class='ocrx_word' id='word_1_253' title='bbox 972 3597 1095 3677; x_wconf 86' lang='lat' dir='ltr'><strong>accidit,</strong></span> <span class='ocrx_word' id='word_1_254' title='bbox 1116 3596 1214 3681; x_wconf 87' lang='lat' dir='ltr'><strong>utqui</strong></span> <span class='ocrx_word' id='word_1_255' title='bbox 1225 3596 1332 3682; x_wconf 89' lang='lat' dir='ltr'><strong>philo-</strong></span> 
     </span>
     <span class='ocr_line' id='line_1_32' title="bbox 286 3679 1330 3786; baseline 0.004 -27"><span class='ocrx_word' id='word_1_256' title='bbox 286 3679 386 3760; x_wconf 58' lang='lat' dir='ltr'>¹⁰35oe</span> <span class='ocrx_word' id='word_1_257' title='bbox 399 3691 498 3772; x_wconf 80' lang='lat' dir='ltr'><strong>prima</strong></span> <span class='ocrx_word' id='word_1_258' title='bbox 517 3697 716 3763; x_wconf 85' lang='lat' dir='ltr'><strong>fundamenta</strong></span> <span class='ocrx_word' id='word_1_259' title='bbox 735 3712 915 3786; x_wconf 86' lang='lat' dir='ltr'><strong>posuerunt,</strong></span> <span class='ocrx_word' id='word_1_260' title='bbox 937 3721 1045 3763; x_wconf 82' lang='lat' dir='ltr'><strong>comm</strong></span> <span class='ocrx_word' id='word_1_261' title='bbox 1065 3720 1158 3784; x_wconf 81' lang='lat' dir='ltr'><strong>opera</strong></span> <span class='ocrx_word' id='word_1_262' title='bbox 1169 3699 1330 3762; x_wconf 88' lang='lat' dir='ltr'><strong>utilissima</strong></span> 
     </span>
     <span class='ocr_line' id='line_1_33' title="bbox 285 3787 1331 3887; baseline 0.014 -35"><span class='ocrx_word' id='word_1_263' title='bbox 285 3792 316 3840; x_wconf 73' lang='grc' dir='ltr'><strong>θῐ</strong></span> <span class='ocrx_word' id='word_1_264' title='bbox 332 3787 448 3870; x_wconf 77' lang='lat' dir='ltr'><strong>optima</strong></span> <span class='ocrx_word' id='word_1_265' title='bbox 469 3796 640 3866; x_wconf 86' lang='lat' dir='ltr'><strong>interirent:</strong></span> <span class='ocrx_word' id='word_1_266' title='bbox 671 3804 693 3865; x_wconf 93' lang='lat' dir='ltr'><strong>ii</strong></span> <span class='ocrx_word' id='word_1_267' title='bbox 717 3815 820 3866; x_wconf 87' lang='lat' dir='ltr'><strong>autem</strong></span> <span class='ocrx_word' id='word_1_268' title='bbox 833 3804 886 3887; x_wconf 91' lang='lat' dir='ltr'><strong>qui</strong></span> <span class='ocrx_word' id='word_1_269' title='bbox 897 3822 1005 3863; x_wconf 86' lang='lat' dir='ltr'><strong>eorum</strong></span> <span class='ocrx_word' id='word_1_270' title='bbox 1019 3797 1154 3863; x_wconf 87' lang='lat' dir='ltr'><strong>doctrina</strong></span> <span class='ocrx_word' id='word_1_271' title='bbox 1166 3803 1268 3880; x_wconf 86' lang='lat' dir='ltr'><strong>abusi,</strong></span> <span class='ocrx_word' id='word_1_272' title='bbox 1290 3801 1331 3864; x_wconf 90' lang='lat' dir='ltr'><strong>li-</strong></span> 
     </span>
     <span class='ocr_line' id='line_1_34' title="bbox 285 3882 1331 3988; baseline 0.023 -42"><span class='ocrx_word' id='word_1_273' title='bbox 285 3882 355 3948; x_wconf 86' lang='lat' dir='ltr'><strong>bros</strong></span> <span class='ocrx_word' id='word_1_274' title='bbox 374 3909 483 3955; x_wconf 84' lang='lat' dir='ltr'><strong>eonon</strong></span> <span class='ocrx_word' id='word_1_275' title='bbox 514 3917 706 3988; x_wconf 61' lang='lat' dir='ltr'><strong>corruperant</strong></span> <span class='ocrx_word' id='word_1_276' title='bbox 730 3906 843 3985; x_wconf 72' lang='lat' dir='ltr'><strong>magis,</strong></span> <span class='ocrx_word' id='word_1_277' title='bbox 878 3921 970 3988; x_wconf 83' lang='lat' dir='ltr'><strong>quam</strong></span> <span class='ocrx_word' id='word_1_278' title='bbox 990 3901 1203 3986; x_wconf 83' lang='lat' dir='ltr'><strong>emendarunt,</strong></span> <span class='ocrx_word' id='word_1_279' title='bbox 1238 3907 1331 3970; x_wconf 63' lang='lat' dir='ltr'><strong>nous</strong></span> 
     </span>
     <span class='ocr_line' id='line_1_35' title="bbox 285 3983 1329 4074; baseline 0.027 -29"><span class='ocrx_word' id='word_1_280' title='bbox 285 3983 468 4057; x_wconf 87' lang='lat' dir='ltr'><strong>editionibus</strong></span> <span class='ocrx_word' id='word_1_281' title='bbox 484 3999 548 4062; x_wconf 86' lang='lat' dir='ltr'><strong>suis</strong></span> <span class='ocrx_word' id='word_1_282' title='bbox 566 4015 667 4067; x_wconf 88' lang='lat' dir='ltr'><strong>nostra</strong></span> <span class='ocrx_word' id='word_1_283' title='bbox 681 4018 779 4070; x_wconf 88' lang='lat' dir='ltr'><strong>aetate</strong></span> <span class='ocrx_word' id='word_1_284' title='bbox 800 4008 833 4070; x_wconf 92' lang='lat' dir='ltr'><strong>in</strong></span> <span class='ocrx_word' id='word_1_285' title='bbox 847 4004 1010 4074; x_wconf 84' lang='lat' dir='ltr'><strong>homiuum</strong></span> <span class='ocrx_word' id='word_1_286' title='bbox 1022 4009 1171 4070; x_wconf 89' lang='lat' dir='ltr'><strong>memoria</strong></span> <span class='ocrx_word' id='word_1_287' title='bbox 1188 4007 1329 4072; x_wconf 82' lang='lat' dir='ltr'><strong>floreant.</strong></span> 
     </span>
    </p>

    <p class='ocr_par' dir='ltr' id='par_1_8' title="bbox 369 4091 1331 4197">
     <span class='ocr_line' id='line_1_36' title="bbox 369 4091 1331 4197; baseline 0.019 -41"><span class='ocrx_word' id='word_1_288' title='bbox 369 4091 482 4160; x_wconf 81' lang='lat' dir='ltr'><strong>Esrmn</strong></span> <span class='ocrx_word' id='word_1_289' title='bbox 512 4119 614 4164; x_wconf 90' lang='lat' dir='ltr'><strong>rerum</strong></span> <span class='ocrx_word' id='word_1_290' title='bbox 644 4111 820 4195; x_wconf 87' lang='lat' dir='ltr'><strong>exemplum</strong></span> <span class='ocrx_word' id='word_1_291' title='bbox 844 4110 1029 4175; x_wconf 86' lang='lat' dir='ltr'><strong>luculentum</strong></span> <span class='ocrx_word' id='word_1_292' title='bbox 1055 4113 1179 4197; x_wconf 88' lang='lat' dir='ltr'><strong>praebet</strong></span> <span class='ocrx_word' id='word_1_293' title='bbox 1206 4111 1331 4174; x_wconf 83' lang='lat' dir='ltr'><strong>lexicon</strong></span> 
     </span>
    </p>
   </div>
   <div class='ocr_carea' id='block_1_8' title="bbox 0 0 1452 4816">
    <p class='ocr_par' dir='ltr' id='par_1_9' title="bbox 0 0 1452 4816">
     <span class='ocr_line' id='line_1_37' title="bbox 0 0 1452 4816; baseline 0 1"><span class='ocrx_word' id='word_1_294' title='bbox 0 0 1452 4816; x_wconf 95' lang='lat' dir='ltr'><strong> </strong></span> 
     </span>
    </p>
   </div>
  </div>
 </body>
</html>
