2894 4816
1130 363 1173 435 ll

122 532 156 584 ta
163 544 179 602 ς.
193 520 245 608 qui
259 521 408 588 inlocum
421 541 491 584 cmn
505 531 678 608 corruptum
691 519 862 607 incidisset,
883 521 1011 588 minime
1025 525 1172 596 mendam
1240 564 1244 572 =

124 621 347 688 animadvertit.
397 623 477 688 Nam
490 627 551 688 hoc
571 625 611 688 ab
625 625 782 706 Hesychio
804 647 871 690 esse
888 626 932 688 oti
946 625 1085 710 credam,
1107 631 1171 697 siu-

124 730 235 812 gularis
257 729 322 794 elus
342 726 400 792 viri
421 726 550 792 eruditio
572 747 636 790 non
662 725 816 812 permittit.
864 724 905 790 Et
922 731 1060 812 prolecto
1083 752 1172 816 prae-

123 833 311 898 stantissimo
343 830 393 892 isti
419 830 549 910 herrico,
586 827 669 914 quod
704 831 845 915 antiquae
873 830 1050 896 eruditionis
1079 854 1172 919 penu,

123 933 276 1020 quaedam
296 932 411 1020 passim
431 934 542 998 inserta
562 951 630 996 esse
644 934 683 994 ab
703 929 835 1004 indoctis
848 933 921 996 satis
934 933 1003 996 Viri
1016 933 1098 1008 docti
1111 953 1171 1004 no-

121 1039 231 1101 nmt.“
280 1038 347 1100 Hac
367 1035 457 1116 igitur
481 1036 532 1100 ria
553 1033 696 1114 ingressi,
724 1034 872 1116 Hesychii
898 1033 1023 1100 laudem
1050 1057 1171 1104 servare

121 1141 183 1204 viri
194 1141 349 1226 hucusque
360 1139 511 1201 nominati
521 1134 709 1201 studuemnr.
752 1133 851 1200 Tanta
865 1149 929 1200 erat
941 1137 1075 1202 hominis
1090 1140 1174 1206 eius*

84 1254 86 1256 ’
122 1263 185 1326 que
199 1243 266 1306 libri
279 1241 456 1323 admiratio,
478 1256 512 1307 ut
524 1243 578 1309 vix
590 1265 626 1306 ac
637 1265 678 1306 ne
691 1243 745 1308 vix
758 1238 884 1326 quidem
896 1241 991 1304 ullam
1004 1243 1172 1328 reprehen-

121 1345 245 1408 sionem
257 1343 458 1410 admitterent.

210 1445 276 1510 Alii
288 1451 379 1535 plane
393 1445 513 1512 diversa
523 1447 641 1512 ratione
654 1446 729 1511 inin
742 1445 777 1510 in
790 1443 922 1512 eandem
935 1442 1087 1510 devenere
1098 1461 1177 1517 sem,

120 1549 260 1614 tentiam.
310 1550 388 1614 Mox
413 1549 497 1614 enim
515 1549 763 1614 animadversum
779 1559 842 1627 est,
862 1547 897 1610 iu
908 1548 1104 1630 Heeychiono
1124 1552 1172 1614 le-

120 1651 211 1730 xico,
232 1663 267 1713 ut
286 1651 367 1737 apud
389 1650 533 1742 suidam,
563 1653 785 1716 accuratissime
806 1651 971 1714 litterarum
990 1649 1105 1720 ordinis
1120 1673 1171 1716 ra-

121 1752 245 1816 tionem
253 1755 389 1818 habitam
412 1776 488 1818 esse.
531 1753 577 1818 lta
597 1753 712 1818 Thom.
736 1753 887 1817 Stanleius
906 1753 939 1814 in
953 1749 1171 1835 Aeson-Aga.

121 1877 240 1923 memn.
255 1877 285 1922 v.
299 1854 372 1922 235.
388 1878 417 1941 p.
434 1860 507 1920 790.
528 1855 719 1938 Hesychium
740 1854 920 1934 „literarum
935 1852 1049 1919 ordinis
1064 1858 1171 1920 obser-

121 1957 362 2022 carmennum
383 1959 554 2045 appellavit.
596 1955 669 2020 Non
681 1976 748 2018 raro
762 1967 866 2020 tamen
886 1956 983 2018 iustus
1002 1954 1079 2020 ordo
1093 1957 1172 2024 mire

122 2069 280 2145 corruptus
301 2070 363 2141 θεῖς
385 2071 501 2124 utnon
522 2059 723 2146 improbabile
737 2056 890 2124 videretur
906 2079 988 2137 esso,
1009 2079 1087 2144 quae
1100 2061 1172 2124 loco

121 2163 205 2226 falso
225 2164 374 2242 legantur,
388 2183 468 2224 *non
489 2183 557 2227 esse
577 2164 617 2224 ab
639 2160 797 2243 Hesychia
817 2161 1051 2246 ipsoprofeota.
1103 2158 1171 2226 lam

121 2283 221 2348 quum
238 2285 351 2344 magna
371 2265 404 2328 in
422 2265 621 2348 Hesychicmo
646 2263 745 2326 lexico
765 2283 918 2326 sacrarum
936 2282 1066 2341 vocum,
1090 2281 1173 2348 ¹(pras

121 2365 244 2446 dicunt,
277 2367 364 2452 copia
387 2368 567 2454 reperiatur,
597 2387 760 2450 earumque
781 2387 845 2428 non
864 2381 979 2451 paucae
1000 2375 1104 2428 contra
1121 2365 1172 2430 ius

6 2463 7 2500 ³
121 2479 207 2534 stum
219 2467 359 2534 ordinem
371 2471 546 2537 intersertae
558 2471 710 2549 legantur:
733 2463 1097 2546 audacterR.Beutleius,
1119 2483 1174 2532 aas

122 2567 236 2638 omnes
248 2572 365 2657 spurias
379 2584 485 2636 essoet
496 2568 805 2646 insiticiasjudiearib
827 2569 971 2648 Legimus
979 2565 1171 2632 criminal-
1214 2566 1218 2572 ’

122 2667 1052 2759 bertinaHesycbiieditionoepistolamamagnoviroadJoh.
1062 2667 1171 2736 curta.

122 2773 260 2839 Bielium
281 2774 384 2840 datam
406 2776 559 2854 (Londini
580 2773 664 2855 Aug.
686 2779 739 2840 30.
762 2770 853 2838 1714.
862 2774 886 2853 ),
908 2791 967 2856 qua
989 2772 1041 2834 ille
1067 2768 1172 2838 iudicii

123 2877 175 2944 sui
187 2879 346 2944 veritatem
359 2878 519 2944 ostendere
537 2877 648 2942 studet.
691 2875 868 2961 „Principio
882 2874 1011 2960 itaque“
1032 2874 1075 2938 ait
1093 2884 1172 2953 „eut

122 2980 246 3068 pridem
257 2982 395 3044 animum
409 2979 581 3062 advertisti,
603 2991 654 3044 aut
673 2999 755 3042 nunc
770 2977 897 3042 demum
918 2977 991 3054 (ma
1003 2975 1171 3058 monento)

126 3105 289 3164 agnosces,
319 3079 450 3146 Gentilia
475 3086 571 3171 rerba
599 3083 719 3162 omnia,
754 3093 912 3167 totumque
941 3077 1021 3144 adeo
1049 3079 1171 3142 lexicon

124 3187 357 3269 Hesychiauum
376 3205 499 3266 rerum,
521 3185 562 3250 ad
579 3186 691 3250 seriem
710 3185 865 3248 literarum
885 3194 950 3246 tam
969 3181 1002 3244 in
1019 3178 1172 3261 secundis,

124 3311 220 3375 quam
260 3289 365 3374 primis
399 3289 522 3370 syllabis
549 3306 638 3352 more
671 3286 918 3350 dictionariorum
952 3282 1173 3349 hodiernorum

125 3399 264 3454 accurate
284 3389 454 3454 institutum
474 3412 551 3454 esse.
594 3388 699 3470 Quam
716 3390 828 3454 seriem
845 3387 873 3454 si
894 3382 1016 3472 quando
1046 3381 1102 3460 (ut
1117 3383 1171 3464 lit)

125 3492 325 3574 interruptam
337 3493 473 3570 invenis,
492 3493 527 3556 id
539 3513 609 3555 mea
627 3492 689 3556 lide
703 3491 808 3560 credas
826 3490 921 3556 velim
937 3485 1011 3550 inde
1022 3483 1172 3565 evenisse,

127 3591 214 3680 quod
234 3590 459 3677 orthographia
484 3591 645 3672 Auctoris,
673 3594 706 3656 in
730 3595 789 3658 illis
814 3590 971 3658 vocabulis
995 3591 1173 3676 plerumque

128 3697 253 3775 vitiosa,
276 3697 314 3758 ab
329 3692 505 3760 Editoribus
519 3696 571 3759 rel
585 3693 697 3758 Scribis
709 3695 835 3760 librariis
852 3706 958 3783 postea
973 3703 1088 3760 mutata
1104 3694 1172 3754 fue-

129 3799 175 3864 rit.
218 3800 288 3862 Hoc
304 3799 367 3861 iam
380 3798 498 3885 posito,
519 3796 595 3860 illud
608 3796 691 3883 quod
703 3798 877 3884 proximum
890 3807 951 3878 est,
973 3797 1036 3860 iam
1050 3811 1173 3864 metum

131 3905 343 3990 contemplare.
387 3898 514 3966 Glossas
531 3900 613 3980 illas,
640 3899 681 3964 de
701 3901 811 3986 quibus
828 3920 908 3964 nunc
928 3897 1062 3980 agimus,
1089 3905 1172 3960 crue

131 4007 242 4070 seriem
261 4005 337 4068 locis
356 4021 419 4066 non
438 4003 501 4068 auis
519 4005 678 4091 plerosque
701 4021 810 4080 omues
836 4001 978 4090 reperiri,
1005 3998 1172 4064 oudssimo

133 4107 241 4192 opinor
260 4104 396 4186 indicio,
415 4124 480 4170 non
497 4107 536 4171 ab
562 4103 698 4171 Auctore
728 4108 878 4192 mactas
900 4125 968 4172 esee
988 4119 1057 4184 casa
1075 4097 1173 4166 seda
