2918 4806
273 357 317 420 tc

273 522 347 610 quid
362 521 503 601 audietit,
525 531 555 585 et
569 518 879 603 Schweighaeuserus
900 521 967 607 ipse
979 532 1035 584 ‘suo
1055 523 1124 584 loco
1140 541 1212 582 eum
1227 541 1320 606 prae-

272 626 448 688 tenuiserit:
477 628 605 686 sortasse
620 625 735 686 infelici
749 637 908 687 momento
934 645 1004 686 cum
1017 625 1222 686 Hermonacte
1235 623 1321 708 Hip-

271 715 662 813 ponactemco1mnutauit.
708 724 848 789 Ceterum
871 727 964 812 poeta
979 727 1147 812 Hipponax
1170 715 1263 812 saepe
1284 727 1320 787 in

271 830 466 911 Hesychiano
480 831 578 892 lexico
594 829 778 907 nominatur,
792 832 843 890 cfr.
856 827 952 892 Indic.
968 832 1068 915 sciipt.
1082 828 1200 892 Albert.
1215 840 1246 890 et
1258 831 1320 889 hac

271 933 303 994 in
321 953 399 995 voce
420 934 604 1018 excerptoris
618 931 819 994 inconstantia
835 929 955 994 excidit.
998 933 1079 994 ilem
1092 944 1195 994 autem
1207 932 1339 1016 ipsa1n‚'

271 1038 310 1097 ab
331 1045 459 1118 utroque
490 1035 686 1115 grammatico
714 1032 854 1095 traditam
877 1035 1095 1119 contemplanti
1121 1035 1234 1118 mirum
1252 1033 1319 1109 erit,

270 1135 541 1222 quodAthenaeus
554 1137 737 1199 adiectivum
750 1134 855 1222 omisit
875 1129 1029 1216 „dyplai‘3
1051 1157 1141 1222 quare
1155 1135 1320 1216 Schweig-

269 1241 434 1302 haeuserus
448 1239 531 1325 apud
544 1227 743 1300 Athenaeum
757 1229 877 1318 ἀγρίαν
889 1236 1066 1300 addendmn
1080 1261 1162 1318 esse,
1184 1261 1250 1300 non
1268 1239 1321 1300 in-

272 1351 341 1428 epte
359 1329 525 1427 suspicatus
547 1355 601 1406 est.
650 1341 756 1424 Neque
771 1350 874 1399 tamen
889 1341 918 1400 ei
933 1341 1092 1418 assentior,
1115 1343 1185 1426 quia
1197 1345 1235 1403 ab
1250 1342 1319 1402 He-

271 1444 369 1525 sychii
386 1455 561 1530 exceiptore
588 1431 716 1506 sonasse
740 1462 804 1504 vox
830 1439 931 1504 addita
960 1456 1013 1506 est.
1051 1442 1113 1522 „Oi
1133 1439 1169 1508 δὲ
1199 1439 1318 1524 ίατροὶ,

271 1548 313 1608 ait
323 1545 481 1608 Helladius
490 1537 542 1634 ap.
558 1548 713 1624 Photium,
734 1540 881 1623 θρίδακα
893 1542 954 1626 μὲν
968 1540 1005 1608 τὸ
1021 1540 1143 1627 ἥμερον
1158 1539 1317 1628 λάχανον,

271 1647 471 1733 θριδακίνην
489 1646 523 1711 δὲ
538 1641 575 1711 td
588 1641 708 1728 ίίγριον
720 1647 900 1710 καίούσιν“
923 1669 971 1733 ap.
988 1647 1156 1710 Meni-sium
1173 1669 1204 1732 p.
1224 1652 1270 1710 12.
1286 1658 1319 1708 et

271 1749 338 1829 51„
361 1753 412 1836 qui
424 1754 552 1814 fortasse
567 1747 613 1812 de'
623 1747 741 1812 Galeno
756 1749 900 1832 loquitur,
925 1749 963 1811 do
978 1772 1115 1836 compos.
1127 1749 1238 1812 medic.
1254 1770 1315 1812 sec.

269 1855 338 1914 loca
350 1855 416 1916 libr.
430 1853 470 1916 11.
489 1855 530 1916 ita
544 1873 610 1916 rem
623 1864 796 1938 exponente
817 1851 1041 1935 ,,Θριιίοικίνης
1055 1855 1112 1936 τῆς
1127 1847 1317 1937 οίιιητιειίτου

271 1975 307 2020 τι
329 1954 383 2021 καί
404 1951 535 2038 ἀγρίας,
564 1949 607 2036 ἣν
628 1953 719 2029 ἰδίως
735 1948 937 2034 ὀνομάζουσι
948 1955 1166 2039 θριδακίνηνιι
1187 1960 1236 2018 cfr.
1250 1956 1315 2018 Lo-

269 2059 357 2122 beck.
370 2058 410 2120 ad
425 2059 588 2138 Phrynich.
605 2079 636 2140 p.
653 2061 721 2120 130.
765 2054 863 2140 Apud
882 2053 1081 2122 Athenaeum
1094 2062 1212 2122 nullum
1223 2059 1316 2122 huius

269 2161 315 2222 tei
325 2162 489 2240 vestigium
500 2158 637 2222 invenire
654 2158 749 2241 potui.
774 2195 812 2204 -
835 2156 952 2222 Athen.
966 2160 1025 2224 XI.
1041 2184 1071 2246 p.
1087 2163 1164 2226 470:
1176 2161 1206 2225 d.
1224 2154 1316 2244 Ἡμί-

269 2280 383 2342 τομος·
407 2255 539 2342 ἔκπωμά
564 2281 592 2322 τι
611 2251 690 2338 παρ’
704 2250 880 2337 Ἀττικοῖς,
904 2255 969 2327 aad
982 2266 1044 2327 τοῦ
1058 2259 1224 2346 σχήματος
1237 2260 1315 2330 ὀνο-

269 2359 415 2448 μασθὲν,
439 2359 521 2447 φησί
542 2355 718 2444 Πάμφιλος
732 2357 769 2425 ἐν
785 2358 984 2442 Γλώσσαις.“
1005 2368 1179 2449 Hesychius
1202 2364 1314 2452 ,,Ἡμι’-

269 2487 385 2549 ‘topos‘
420 2461 585 2546 ἔίιιιιιιμιι-ιι
630 2463 667 2526 Ut
689 2465 765 2528 haec
786 2467 845 2530 sibi
859 2469 975 2553 optime
995 2469 1195 2554 respondent,
1219 2493 1315 2557 quan-

269 2591 361 2656 quam
383 2571 462 2632 iusto
477 2573 563 2656 plura
577 2572 623 2650 ab
638 2581 814 2656 excerptore
830 2572 942 2636 omissa
961 2581 1044 2648 sunt,
1066 2572 1107 2632 ita
1119 2595 1214 2635 nemo
1226 2596 1316 2660 prae-

268 2685 349 2736 terea
361 2674 452 2736 huius
473 2672 591 2758 poculi,
614 2683 760 2756 quanttnn
773 2673 902 2752 scimus,
924 2675 1003 2750 intes
1021 2676 1234 2752 grammaticos
1247 2699 1315 2738 me-

268 2778 365 2840 minit.
409 2774 513 2856 Quare
534 2797 628 2860 quum
639 2776 716 2836 haec
741 2776 797 2836 uia
814 2778 964 2837 vocabula
982 2797 1021 2837 ex
1031 2774 1183 2860 Pamphili
1197 2780 1315 2857 glossa-

266 2881 312 2961 rio
324 2879 446 2942 laudata
460 2882 526 2944 sine
539 2882 599 2941 ulla
616 2879 806 2940 dubitatione
822 2877 1111 2963 apudHesychium
1120 2881 1314 2965 reperiantur,

268 2983 295 3044 si
314 2980 386 3064 quid
400 2982 501 3043 minus
522 2994 658 3042 accurate
681 2983 843 3065 repetitum
864 2993 923 3059 est,
945 3002 1007 3041 non
1029 3001 1142 3060 magno
1157 3005 1251 3068 opere
1265 2987 1316 3044 of-

267 3081 438 3144 fendemus.
470 3081 651 3144 Athenaeus
667 3073 751 3143 enim
763 3083 802 3160 Π,
818 3083 868 3146 85.
884 3106 909 3144 c.
923 3085 976 3145 ubi
992 3082 1030 3145 de
1043 3105 1121 3145 voce
1143 3085 1315 3166 ,,ιιίτριον“

267 3185 337 3264 agit,
359 3185 436 3244 haec
448 3185 557 3248 habet:
582 3177 781 3265 ,,Πιίμφιί.ος
805 3178 841 3246 ἐν
857 3187 929 3260 ταῖς
943 3179 1114 3260 Γλώσσαις
1130 3181 1315 3270 Ῥωμαίους

268 3282 372 3370 φησίν
392 3279 476 3350 αὐτὸ
497 3284 613 3368 κίτρον
636 3286 779 3350 καλεῖν.“
818 3287 990 3369 Hesychius
1014 3301 1116 3352 autem
1138 3287 1314 3371 ,,Κιτρίοο·

266 3383 305 3452 τὸ
324 3380 472 3452 Ἰνδικόν
492 3391 637 3473 attona·
666 3399 818 3474 praeterea
835 3391 920 3454 nihil.
964 3391 1070 3476 Neque
1086 3392 1169 3454 enim
1183 3415 1242 3456 nos
1258 3393 1313 3455 ad-

265 3493 350 3557 iuvat
368 3491 480 3556 codicis
494 3494 637 3578 scriptura
658 3492 823 3576 ,,κρίτον“,
847 3499 899 3558 cfr.
922 3493 1100 3574 Schweigh.
1113 3493 1257 3558 Animm.
1272 3495 1312 3558 II.

266 3618 296 3680 p.
311 3599 378 3672 674,
413 3618 505 3681 quam
528 3599 643 3660 malam
665 3617 733 3660 esse
758 3599 825 3684 ipse
840 3595 1053 3660 Romanorum
1074 3619 1146 3661 usus
1169 3600 1312 3679 ostendit,

267 3698 319 3760 cfr.
333 3694 410 3758 Plin.
418 3697 608 3762 NaumHist.
622 3701 642 3760 l.
657 3697 895 3763 X111.c.1ofin.
925 3698 1029 3778 Quare
1041 3703 1118 3764 haec
1134 3702 1268 3786 quidem,
1286 3705 1313 3766 si

145 3871 150 3878 ,
265 3816 374 3865 verum
396 3811 442 3862 est
461 3799 607 3862 iudicium
636 3821 757 3882 meten,
790 3800 999 3882 Diogenianus
1019 3805 1139 3882 omisit,
1172 3809 1311 3885 sonasse,

266 3903 346 3988 quia,
368 3912 401 3962 ut
418 3897 589 3984 μουκηρός
604 3903 771 3980 Laconum,
786 3924 849 3964 non
862 3925 919 3965 suo
933 3905 1002 3964 loco
1016 3907 1162 3990 positiun,
1182 3908 1227 3969 sic
1238 3930 1264 3970 s.
1279 3929 1311 3972 v.

265 4002 396 4088 κιτρίον
409 4007 533 4068 allatum
546 4016 576 4066 et
590 4008 775 4090 explicatum
790 4016 861 4068 erat.
899 4003 1006 4088 Neque
1017 4002 1051 4067 id
1063 4006 1241 4072 mirandum
1255 4021 1309 4088 est,

266 4120 318 4174 aut
329 4131 419 4174 meae
432 4106 598 4172 sententiae
613 4107 803 4188 adversatur,
825 4107 893 4192 quia
908 4108 980 4170 alibi
991 4129 1112 4194 quoque
1126 4110 1160 4172 in
1172 4115 1309 4176 vocabu-
