2918 4806
302 516 406 599 Quare
423 517 457 582 in
470 518 518 582 his
531 533 653 606 quoque
672 521 774 599 legem
795 528 984 582 constantem
1008 517 1128 582 efficere
1139 516 1269 610 sorduit,
1292 521 1343 583 cir.
1432 523 1433 568 t

302 605 581 688 Theodos.·cenon.
594 643 625 706 p.
637 620 728 688 1005.
744 632 774 683 et
786 619 939 686 Choerob.
955 622 1052 685 schol.
1066 644 1097 708 p.
1109 622 1200 688 1256.
1215 623 1247 686 in
1260 619 1344 686 Bek-
1432 641 1433 698 t

301 724 366 786 lteri
378 721 558 786 Anecdotis.
601 721 696 785 Adde
715 723 988 809 quuellletthmeus
1006 722 1157 802 laudavit,
1180 723 1205 788 Ι.
1227 745 1258 811 p.
1275 729 1343 790 169.
1432 745 1433 810 ζ

301 825 339 902 In
357 825 513 908 Hesychio
539 825 668 904 legimus
694 820 798 890 udos
821 823 895 888 Alb.
909 823 934 888 1.
952 847 983 912 p.
1008 825 1099 890 1758.
1119 837 1150 888 et
1163 819 1304 891 mimos
1320 826 1342 892 l.

300 950 331 1014 p·
346 927 418 994 855.
436 929 587 992 etsimilie
604 927 685 990 alibi.
858 943 862 952 ⁴

331 1052 336 1062 ‘
385 1027 533 1115 Denique¹
547 1031 670 1109 πειρῶν
690 1049 748 1115 pro
769 1026 891 1112 πείρων
913 1028 1046 1116 scripsit:
1079 1025 1136 1092 sed
1155 1053 1256 1117 neque
1275 1031 1343 1094 reli-

184 1167 190 1171 -
301 1132 368 1220 quis
387 1133 589 1212 grammaticis
611 1132 644 1194 id
662 1133 824 1219 persuasit,
857 1143 1006 1217 nequent
1022 1131 1252 1219 epitomatorid
1268 1133 1344 1194 reri-

300 1246 500 1322 peretnacurs
514 1246 569 1301 est.
597 1249 599 1254 '

313 1379 323 1404 s
385 1336 612 1422 lemquoniem
627 1337 731 1402 omnio
747 1335 954 1416 congessimus
973 1347 1003 1400 et
1016 1335 1232 1414 recensuimus,
1252 1357 1344 1423 quae-

301 1461 366 1504 rere
381 1461 561 1524 possumus,
586 1437 743 1525 quomodo
759 1440 874 1502 fectum
888 1439 941 1518 sit,
962 1439 1043 1502 utin
1055 1439 1252 1521 Hesychienp
1268 1440 1344 1500 lexi-
1433 1469 1434 1472 ¹

174 1623 176 1630 Ι
302 1564 340 1606 ce
353 1543 431 1612 nihil
446 1556 597 1628 appareat.
618 1541 668 1605 Ac
682 1541 815 1628 primum
832 1539 957 1626 quidem
971 1539 1010 1606 de
1020 1542 1238 1626 glossographo
1253 1539 1344 1602 Pem-

301 1645 386 1730 philo
400 1643 483 1706 haud
501 1643 593 1710 dubie
609 1643 804 1725 cogitandum
822 1655 882 1722 est,
913 1645 983 1729 quia
1002 1641 1256 1709 isAristercheus
1270 1642 1345 1704 dici-

301 1757 363 1824 tur,
385 1757 415 1808 et
438 1749 651 1812 celeberrimus
670 1758 747 1826 eret,
770 1765 863 1832 quem
883 1748 986 1810 solum
1007 1747 1183 1831 simpliciter
1197 1745 1345 1830 Pamphi-

300 1850 368 1914 lum
386 1850 545 1914 notuinere
560 1861 721 1936 poterent.⁴
752 1850 851 1912 Huius
869 1860 973 1912 autem
986 1869 1082 1933 qucum
1103 1843 1199 1932 τέχνη
1215 1842 1344 1931 κριτική

301 1950 383 2036 opud
401 1950 531 2016 Suidem
556 1955 676 2032 citettu,
713 1973 779 2016 non
805 1955 912 2038 procul
931 1954 1077 2017 absumus
1102 1953 1140 2014 eb
1163 1951 1343 2030 coniectura,

302 2054 406 2118 omnic
421 2056 493 2116 teliu
509 2055 543 2118 in
565 2077 602 2118 ee
622 2057 718 2118 tuisse
731 2055 832 2120 obvie.
875 2052 940 2118 Sed
953 2073 1127 2139 quenquam
1147 2075 1221 2116 vero
1237 2053 1272 2116 id
1281 2075 1344 2116 non

302 2165 348 2218 est
362 2154 523 2234 dissimile,
544 2168 649 2222 temen
658 2157 692 2220 in
706 2156 806 2226 lexico
821 2177 910 2221 suam
921 2156 1017 2242 ipsius
1030 2153 1182 2218 scribendi
1192 2157 1342 2218 rationem

302 2267 458 2325 auctorem
476 2269 615 2320 secutum
636 2280 718 2336 esse,
747 2260 918 2324 necessario
933 2258 1015 2322 sumi
1037 2257 1136 2320 debet.
1173 2256 1273 2320 ‘Nullo
1287 2260 1342 2338 igi-

301 2371 349 2422 tur
362 2361 486 2426 artificio
500 2381 517 2422 e
533 2381 638 2425 caussa
652 2358 781 2424 dicenda
794 2363 965 2426 liberemur.
1007 2359 1146 2428 Primum
1161 2372 1266 2424 autem
1277 2383 1341 2422 me-
1432 2345 1434 2356 ’

300 2462 427 2528 misisse
452 2463 552 2542 iuvat,
583 2464 774 2545 Hesychium
794 2466 827 2528 in
848 2447 974 2552 epistole
998 2485 1102 2529 suase
1123 2463 1277 2534 scribendi
1295 2485 1342 2526 re-

300 2564 417 2628 tionem
437 2563 605 2630 Herodicum
627 2577 800 2630 secuturum
821 2590 889 2632 esse
910 2567 1055 2653 polliceri.
1103 2564 1150 2629 Ita
1173 2567 1258 2628 enim
1276 2568 1341 2652 quis
1434 2603 1435 2658 p

300 2667 465 2746 ruimbitur,
487 2668 513 2730 si
530 2689 575 2747 eu,
597 2690 676 2753 quae
691 2669 774 2754 apud
788 2670 984 2756 Pamphilum
997 2678 1100 2736 contre
1114 2666 1341 2732 Herodienire-
1434 2665 1435 2742 J

299 2769 400 2832 tiones
413 2768 493 2832 dicta
506 2782 599 2849 erent,
619 2773 831 2840 evanuerunt?
874 2771 1019 2857 Suspicor
1035 2769 1124 2848 adeo,
1145 2791 1341 2857 quaecunque

299 2871 332 2932 in
350 2873 473 2934 scholiis
495 2873 667 2936 Homericis
695 2886 726 2936 et
746 2853 960 2956 Etymologico
982 2873 1097 2952 lllegno
1122 2871 1161 2934 de
1180 2872 1339 2960 Pamphilo

301 2973 443 3050 citantur,
465 2976 504 3036 uh
518 2975 695 3038 Herodiano
709 2976 856 3062 producta
869 2999 937 3041 esse
950 2989 981 3042 et
991 2976 1063 3038 huic
1076 2973 1180 3038 deberi
1201 2975 1270 3050 soli.
1298 2976 1341 3038 At

300 3073 404 3157 quaeri
416 3085 530 3157 potest,
553 3089 622 3139 ente
635 3078 825 3158 Hesychium
839 3100 917 3163 quae
935 3077 1144 3158 Diogeuienus
1164 3080 1302 3142 omiserit
1312 3091 1341 3141 et

299 3175 479 3255 mutaverim
500 3175 603 3262 idque,
615 3180 739 3242 nomisi
761 3179 800 3244 de
816 3183 942 3245 consilio
957 3159 1142 3262 Diogenieni
1160 3182 1187 3244 si
1201 3185 1339 3247 certiores

182 3270 186 3280 ’
300 3276 372 3339 fecti
384 3297 504 3356 sumus,
528 3277 688 3343 decernere
699 3281 810 3344 licebit.

385 3375 482 3458 Quod
492 3380 525 3444 in
541 3378 657 3452 Graece
672 3382 775 3463 lingua
787 3381 964 3470 Pamphilus
975 3383 1096 3456 efficere
1111 3382 1277 3464 studuerat,
1298 3396 1338 3460 ut,

254 3501 261 3520 ¹
300 3479 352 3565 qui
367 3483 479 3561 grecus
494 3485 687 3569 scriptoribus
702 3485 839 3570 inprimis
855 3484 954 3570 poe'tis
969 3507 1094 3571 operam
1104 3507 1193 3550 suem
1205 3499 1338 3565 navaret,

301 3601 411 3645 omnes
423 3604 515 3648 voces
533 3585 715 3650 difficiliores
736 3587 923 3671 carioresque
943 3598 974 3650 et
988 3587 1233 3672 interpretatione
1249 3610 1338 3669 egen-

300 3691 347 3744 tes
356 3709 359 3716 ·
368 3684 506 3770 collectus
523 3689 670 3756 heberet:¹
699 3687 733 3750 id
754 3689 788 3750 in
800 3689 907 3752 Latine
924 3687 1035 3750 Sextus
1047 3686 1213 3773 Pompeius
1233 3689 1338 3768 Festus

301 3793 450 3866 praestare
462 3788 569 3849 voluit.
614 3789 772 3874 Utriusque
787 3803 892 3852 eutem
905 3789 1057 3874 scriptoris
1070 3790 1138 3852 libri
1151 3789 1266 3858 eodem
1276 3795 1338 3854 feto

217 3897 220 3902 '
301 3880 350 3946 usi
363 3892 393 3943 et
404 3885 442 3946 eb
455 3887 520 3950 eliis
535 3891 667 3974 excerpti
681 3902 759 3969 sunt,
780 3902 816 3952 ut
827 3891 976 3955 hebiliore
989 3893 1089 3952 forme
1107 3891 1281 3956 ustudiosis
1294 3879 1342 3954 le-¹

302 3982 333 4062 gi
348 3997 489 4069 possent3
522 3988 577 4053 sed
588 3989 670 4054 Festi
682 4013 752 4077 pars
766 3990 918 4077 quaedem
931 3990 972 4054 ed
983 4004 1119 4071 nostrum
1132 4003 1264 4056 aetutem
1275 4013 1336 4056 ser-

301 4095 378 4156 vata.
390 4097 451 4164 est,
472 4086 652 4178 Pamphilus
666 4104 747 4160 totus
766 4095 913 4176 emissus3
931 4115 980 4156 ec
1001 4091 1212 4174 Diogenianus
1231 4105 1336 4180 posteo
