2894 4816
279 521 409 584 variatur
422 520 454 583 in
473 521 541 584 libri
559 519 660 598 titulo,
681 502 773 604 quem
795 513 961 580 etiamnum
981 505 1188 602 possidemus,
1210 517 1330 604 aliique

278 619 354 705 περὶ
366 621 458 707 βίων,
478 617 652 706 δογμάτων
670 613 1025 702 selenomantiae,
1045 621 1113 683 coir
1130 617 1166 683 iv
1184 623 1330 701 uriom*

279 723 341 808 φίᾳ
357 717 678 810 adsumpserimus
699 721 763 784 alii:
793 715 978 804 φιλόσοφοι
1002 717 1072 802 βίοι
1093 721 1228 784 url‘hot
1245 723 1322 804 llly-

277 827 354 889 riob.
377 825 493 909 CLVI,
518 828 569 890 alii
599 827 768 908 σοφιστῶν
794 821 863 906 βίοι
883 834 917 884 ut
943 821 1133 903 Eustathius,
1164 824 1215 886 alii
1234 825 1321 886 aliter

277 925 504 1015 inscripserunt,
538 947 711 1013 quanquam
733 927 800 1012 ipse
820 927 931 990 librum
954 937 1079 990 vocaret
1111 922 1325 1009 „coridoopoc-

276 1027 434 1111 ἱστορία.“
456 1027 522 1108 (cir.
536 1029 657 1109 Menag.
666 1027 806 1091 Animm.
821 1028 861 1090 ad
872 1028 1064 1108 Diog.Laert.
1077 1051 1107 1114 p.
1119 1030 1172 1109 1.).
1195 1027 1318 1092 Deinde

153 1208 155 1214 Α
203 1145 207 1152 ’
276 1129 457 1218 aliiquoque
471 1134 535 1194 eius
543 1133 758 1218 epigrammata
770 1133 930 1194 celebrant.
952 1130 1070 1193 Dicitur
1083 1129 1317 1194 enimaTzetza

277 1232 354 1298 Chil.
365 1234 419 1297 III.
435 1255 499 1320 cap.
512 1239 562 1298 61.
577 1226 947 1317 ἐσιγραμματογράφοςς
972 1219 1048 1296 etin
1061 1227 1176 1296 Glaeca
1189 1232 1318 1296 Antho-

147 1381 151 1388 .
275 1336 356 1416 logia
369 1338 455 1420 plura
471 1336 602 1397 carmina
615 1335 655 1398 ad
671 1353 744 1398 eum
759 1347 914 1398 auctorem
926 1338 1102 1398 refenmtur.

359 1433 448 1514 Quae
466 1437 493 1499 si
508 1458 636 1499 menon
655 1439 792 1499 fallerent
814 1473 853 1485 -
876 1436 1046 1500 dubitanter
1063 1438 1146 1500 enirn
1170 1436 1249 1498 mihi
1267 1435 1315 1498 di-

276 1537 407 1600 cendum
429 1561 511 1618 esse,
550 1542 629 1603 bene
657 1539 821 1626 perspicio,
851 1577 888 1586 -
917 1551 1092 1625 sequeretur
1110 1538 1201 1618 inde,
1231 1541 1318 1624 prio-

202 1685 209 1696 .
273 1627 340 1700 rem
353 1639 581 1720 Diogenianum
602 1664 641 1704 ex
653 1641 753 1704 Ponto
771 1644 852 1702 hunc
874 1661 941 1703 esse
955 1639 1129 1721 Diogenem
1148 1641 1312 1704 L'ae‘rtium.

273 1741 337 1803 Vix
349 1728 450 1820 credo,
464 1745 599 1806 futurum
612 1765 696 1823 esse‚·
710 1732 762 1829 ¹qui
775 1745 837 1806 iam
851 1761 921 1805 cum
934 1742 1117 1822 Diogeniani
1129 1767 1245 1808 nomen
1258 1768 1313 1808 au-

274 1841 373 1923 dierit,
395 1843 435 1906 de
446 1846 490 1906 rei
505 1847 631 1909 veritate
649 1845 774 1909 dubitet.
808 1846 843 1908 si
858 1857 961 1907 tamen
975 1857 1035 1924 est,
1057 1847 1108 1931 qui
1121 1859 1241 1911 ostensa
1256 1872 1311 1912 eo-

271 1965 340 2008 rum
359 1947 521 2008 nominum
542 1950 782 2032 frequentissima
802 1950 1039 2011 cormnutatione
1057 1951 1184 2012 haesitet
1206 1963 1310 2014 tamen

272 2060 302 2110 et
323 2052 461 2127 haereat,
483 2071 666 2112 commoneo
688 2053 789 2136 ipsum
808 2061 946 2113 nostrum
965 2050 1138 2131 Diogenem
1158 2041 1310 2119 Laiirtbnn

271 2145 497 2236 Diogenianum
514 2156 656 2241 appellari
677 2152 758 2240 apud
778 2153 923 2216 Tzetzam
943 2155 963 2214 l.
983 2156 1019 2232 l.‚
1060 2155 1143 2239 quod
1160 2157 1261 2242 ipsum
1280 2171 1313 2221 et

270 2249 430 2333 Menagius
451 2257 471 2316 l.
491 2258 528 2335 1.,
556 2255 675 2320 lonsius
693 2255 754 2335 III,
779 2260 834 2332 12,
855 2254 902 2333 5.,
931 2254 1061 2318 Vossius
1084 2257 1123 2319 de
1135 2260 1241 2322 histor.
1256 2259 1307 2324 Gr.

269 2353 308 2416 II.
326 2375 390 2440 cap.
405 2355 494 2420 XIII.
507 2379 538 2442 p.
554 2363 625 2423 223.
648 2359 741 2420 etalii
753 2356 806 2418 diu
826 2369 895 2418 ante
910 2377 962 2418 me
983 2365 1130 2422 notantur.
1175 2360 1239 2440 (lui
1254 2384 1309 2426 au.

269 2459 345 2536 lem,
374 2457 476 2520 dicunt
496 2461 600 2545 aliqui,
629 2462 681 2546 qui
699 2460 848 2540 Diogenis
867 2459 978 2520 Laterii
998 2480 1076 2545 opus
1098 2458 1309 2548 ,,φιλόσοφον

269 2553 419 2644 ἱστορίαν
426 2563 445 2595 “
471 2565 705 2648 praetermittere
724 2562 845 2649 potuit?
893 2559 931 2623 Id
952 2583 1009 2642 ego
1030 2583 1151 2647 quoque
1173 2569 1306 2650 mirarer,

267 2661 326 2723 nisi
350 2683 385 2724 ea
408 2677 488 2726 esset
507 2665 589 2751 apud
607 2665 735 2728 Suidam'
756 2665 938 2748 corruptela,
974 2683 1033 2748 qua
1051 2667 1139 2728 facile
1160 2670 1306 2735 librorum

266 2769 482 2831 nonnullorum
501 2769 580 2830 tituli
596 2767 734 2830 excidere
748 2775 900 2864 poterant.
941 2764 1052 2828 Nonne
1072 2780 1187 2851 autem,
1211 2775 1238 2836 si
1248 2798 1306 2860 po.

266 2867 372 2930 sterior
389 2891 460 2930 mea
479 2871 648 2932 coniectura
669 2871 764 2948 valet,
794 2889 854 2953 qua
874 2865 1058 2950 Cyzicenum
1073 2868 1248 2952 Diogenem
1267 2881 1304 2940 ab

265 2969 314 3030 his
327 2967 441 3053 scriptis
455 2971 651 3051 secludimus,
673 2982 707 3032 ut
719 2971 822 3057 ipsum
839 2969 969 3033 verbum
980 2965 1101 3053 ἔγραψε
1113 2980 1304 3059 praetenuis-

266 3089 335 3132 sum
347 3089 413 3132 esse
426 3081 523 3155 patet,
544 3073 586 3134 ita
599 3075 714 3158 primos
726 3093 849 3157 quoque
861 3073 963 3135 titulos
975 3093 1081 3138 secum
1093 3078 1219 3143 traxisse
1231 3103 1304 3168 pro-

264 3172 364 3233 babile
379 3172 448 3236 est?

267 3277 287 3292 ''
349 3272 490 3337 Ceterum
502 3293 593 3358 quam
605 3275 703 3356 gravis
718 3263 757 3339 sit
767 3277 929 3363 magnique
940 3281 1089 3342 momenti
1099 3301 1136 3344 ea
1149 3285 1301 3348 coniectu-

263 3392 310 3456 ra,
340 3377 418 3438 mihi
438 3397 503 3438 non
524 3377 747 3464 incompertum
769 3393 823 3444 est.
866 3380 988 3444 Etenim
1008 3381 1177 3446 dubitatum
1196 3398 1243 3448 est
1262 3385 1303 3449 de'

262 3481 389 3542 nomine
409 3475 626 3562 ,,Λαέρτιος,“
646 3493 748 3545 utrrnn
761 3482 836 3546 illud
849 3503 866 3546 a
881 3495 983 3570 patre,
1006 3505 1045 3546 an
1060 3487 1098 3547 ab
1115 3490 1192 3550 urbe
1207 3489 1300 3552 Lae'r-

262 3591 301 3658 te,
319 3601 397 3664 quae
411 3593 458 3646 est
468 3584 500 3645 in
517 3582 629 3663 Cilicia,
643 3588 800 3673 acceperit.
842 3584 945 3649 Antea
957 3588 1047 3668 igitur
1059 3609 1152 3672 quum
1166 3594 1303 3678 plerique

262 3681 440 3765 opinionem
456 3685 656 3768 posteriorem
679 3690 811 3774 amplexi
831 3701 948 3753 essent:
969 3711 1050 3752 nunc
1064 3693 1171 3777 prioris
1189 3698 1299 3759 veritas
1391 3697 1394 3702 ’

261 3792 340 3846 esset
360 3781 571 3880 demonstrata.
614 3785 699 3867 Quid
718 3791 842 3854 autem?
870 3793 1005 3876 iussaene
1024 3792 1148 3856 aderant
1165 3818 1298 3879 caussae,

260 3884 368 3970 quibus
380 3887 526 3946 commoti
536 3889 637 3951 ritum
652 3911 691 3952 ex
703 3889 811 3952 Lae‘rte
824 3903 924 3953 ortum
936 3898 1100 3978 putarunt?
1130 3899 1213 3980 Lege
1230 3902 1299 3964 Me.v

259 3987 382 4067 nagium
398 3994 428 4048 et
439 3985 575 4048 lonsium
593 3993 624 4050 ll.
637 3993 682 4068 ll.,
713 3995 781 4070 lege
795 3991 965 4058 Fabricium
978 3997 1032 4060 lib:
1044 3997 1100 4062 IV.
1123 4021 1187 4087 cap.
1203 4004 1297 4068 XIX.

259 4090 402 4172 aliosque.
445 4087 526 4151 Nihil
542 4091 628 4168 certi,
650 4093 725 4155 nilul
737 4094 821 4180 quod
835 4115 942 4178 cogere
957 4099 1055 4185 possit
1068 4102 1206 4166 offerruit.
1234 4107 1298 4169 tti-
