2894 4816
340 359 345 368 ι

223 510 229 517 ι

322 558 516 646 inscriptione
534 555 652 632 Suidas
667 578 730 618 non
747 551 899 618 indicavit.
950 551 1054 633 Quare
1081 555 1162 616 bene
1190 551 1229 615 sit
1246 549 1362 630 Photio,

323 665 375 750 qui
395 685 453 726 nos
469 661 604 723 dubitare
625 669 655 720 et
674 661 804 722 incertos
823 677 891 719 esse
910 679 974 718 non
991 656 1071 719 sinit.
1114 654 1144 718 Is
1164 655 1248 716 enim
1261 655 1293 716 in
1310 654 1362 716 Bi-

321 767 429 829 blioth.
453 764 520 826 cod.
544 761 613 828 145.
635 774 665 824 et
688 759 757 826 149.
777 757 912 844 poeticas
934 779 1028 823 voces
1053 757 1282 838 aDiogeniano
1298 780 1362 820 esse

323 871 462 930 collectas
485 867 601 929 disertis
624 863 725 928 verbis
751 860 920 947 perhibuit,
949 883 980 946 p.
1001 867 1058 938 99,
1092 883 1118 922 a.
1141 860 1170 923 4.
1198 859 1246 922 ed.
1268 859 1360 922 Beklc.

321 970 441 1051 „negoti
463 965 498 1033 tt
519 964 642 1050 λόγου“
665 965 703 1027 de
725 962 866 1024 Helladio
890 963 931 1024 ait
960 958 1047 1041 „dors
1068 959 1106 1027 τὸ
1127 965 1279 1027 πλεῖστον
1297 965 1362 1027 τῶν

322 1069 457 1150 λέξεων,
485 1064 558 1142 ἀλλ’
588 1064 662 1152 οὐχὶ
691 1067 884 1154 ποιητικοῦ,
913 1061 1018 1145 ὥςπερ
1047 1061 1068 1150 ἡ
1091 1068 1296 1150 Διογενιανῷ
1317 1057 1360 1129 ἐν·

322 1177 506 1257 πονηθεῖσοι
528 1166 689 1254 συλλογηίί
709 1169 852 1254 idemque
872 1170 990 1255 repetiit
1008 1169 1040 1230 in
1057 1169 1145 1230 lexici
1165 1169 1213 1230 sui
1227 1168 1359 1256 ad—Tho-

322 1299 407 1340 mam
426 1273 529 1352 nescio
550 1295 642 1360 quem
659 1273 847 1359 praefatione
877 1271 938 1350 „etl
959 1273 1026 1334 τοῖν
1047 1268 1164 1349 λέξεων
1186 1270 1358 1347 πλείους,

322 1376 397 1459 περὶ
419 1372 460 1454 ἃς
482 1372 519 1442 τὰ
541 1369 716 1459 ποιητικὸν
743 1369 874 1456 νέμεται
902 1371 1000 1450 ἔθνος
1027 1373 1073 1450 εἰς
1099 1368 1137 1437 τό
1160 1367 1359 1456 apstipulat-

322 1504 384 1547 νον
406 1484 476 1557 τοῖς
493 1475 713 1564 βουλομένοις
733 1473 886 1558 παρέχειν
897 1477 1106 1562 Διογενιανῷ
1118 1473 1374 1560 rvvsttyqsar‘,

322 1583 481 1672 quomodo
507 1585 601 1646 verba
626 1578 784 1644 scribenda
811 1579 879 1642 esse
898 1579 975 1641 vidit
992 1579 1194 1642 Rulmkenius
1215 1584 1306 1666 praef.
1329 1603 1357 1665 p.

322 1687 367 1752 X.
412 1685 506 1748 Adde
519 1684 608 1747 Phoc
621 1683 748 1746 Porson.
770 1705 800 1768 p.
817 1685 888 1746 686.
913 1681 925 1758 (
932 1706 963 1769 p.
984 1682 1055 1746 593.
1070 1682 1118 1745 ed.
1134 1683 1238 1768 Lips.)
1281 1684 1358 1744 Haec

320 1791 412 1870 igitur
423 1787 536 1855 Suidae
549 1787 709 1872 Photiique
727 1784 899 1848 testimonia
918 1785 1061 1846 facillime
1079 1785 1312 1866 coniunguntur,
1332 1797 1359 1848 et

322 1914 390 1955 sese
407 1891 540 1953 invicem
561 1891 720 1977 explicant.
772 1886 983 1966 Quamobrem
1001 1887 1034 1950 id
1057 1888 1269 1974 ipsmn‘simul
1291 1913 1358 1951 con-

321 1989 470 2071 firmatur,
499 1991 582 2077 quod
600 2015 658 2078 pro
676 2013 750 2054 vero
776 1993 933 2075 hucusque
960 1991 1141 2069 sumsimus,
1168 1990 1311 2052 Photium
1333 2002 1359 2052 et

323 2092 451 2160 Suidam
470 2091 596 2156 nonde
621 2093 741 2155 diverso
770 2094 853 2177 loqui
875 2092 1059 2174 Diogeniani
1076 2094 1191 2176 lexic03
1220 2107 1251 2157 et
1269 2117 1358 2158 errare

321 2197 557 2273 Ruhnkenium,
586 2195 638 2279 qui
663 2218 696 2256 re
725 2217 789 2256 non
812 2197 961 2281 pensitata
984 2181 1163 2258 controniano
1185 2200 1358 2262 sententiam

245 2303 247 2314 ’
321 2295 543 2386 pronuntiavit,
572 2300 666 2382 praef.
695 2321 726 2384 p.
746 2297 790 2360 X.
835 2298 942 2383 Neque
967 2287 1130 2361 obscmum
1155 2311 1215 2378 est,
1244 2302 1357 2362 lexicon

317 2423 340 2490 *a
362 2401 472 2462 Photio
494 2411 524 2461 et
545 2399 640 2462 Suida
659 2402 851 2463 nominatum
869 2399 953 2462 idem'
975 2423 1062 2494 esse,
1081 2401 1163 2488 quod
1183 2403 1357 2486 Hesychius,

321 2516 355 2564 ut
365 2502 541 2566 Ruhnkenii
554 2505 656 2567 verbis
670 2516 748 2582 utar,
772 2526 842 2565 cmn
858 2505 1027 2589 pulvisculo
1048 2505 1195 2568 exhausit.
1239 2507 1318 2570 Nam
1329 2516 1358 2566 ut

310 2607 451 2686 taceam,
474 2606 574 2671 afferri
585 2628 624 2668 ex
635 2606 827 2687 Diogeniano
840 2600 977 2684 vocem,
989 2627 1065 2692 quae
1079 2606 1161 2693 apud
1175 2609 1358 2693 Hesychium

321 2722 432 2789 exstat,
459 2720 598 2784 nosttnm
618 2709 738 2771 lexicon
756 2731 789 2770 re
809 2729 882 2772 vera
901 2708 1035 2794 poe'ticas
1061 2710 1255 2796 potissimum
1272 2733 1358 2778 voces

322 2813 463 2875 continet.
505 2802 664 2890 Berisum
677 2823 723 2874 est
736 2810 916 2874 doctissimis
929 2813 1120 2892 hominibus,
1140 2837 1271 2900 quonum
1283 2835 1358 2876 nunc

320 2913 482 2976 Heinsium
500 2912 713 2975 tantummodo
733 2901 875 2994 nomino,
898 2915 949 3000 qui
965 2916 997 2977 in
1008 2916 1113 2982 codice
1126 2939 1183 2980 suo
1197 2927 1357 2994 notaverat,

320 3014 551 3096 Hesychianum
568 3015 687 3077 lexicon
706 3018 883 3079 thesaurum
895 3039 962 3082 esse
983 3033 1143 3099 „nontam
1157 3017 1293 3084 Graecae
1304 3021 1358 3082 lin-

321 3136 407 3196 guae,
416 3135 508 3199 quam
514 3113 708 3196 Poe'tarum‘ss
725 3123 776 3182 cfr.
784 3121 955 3182 testimonia
962 3123 992 3183 in
1001 3120 1120 3186 Alberti
1132 3123 1202 3186 edit.
1212 3137 1286 3186 extr.
1293 3145 1357 3212 pag.

274 3223 277 3230 “
403 3218 576 3298 Hesychius
589 3229 691 3281 autem
702 3222 779 3284 nihil
792 3223 834 3283 ait
846 3222 885 3284 de
898 3224 1012 3310 politis,
1034 3226 1110 3288 nihil
1123 3227 1161 3290 de
1175 3229 1267 3292 variis
1282 3231 1358 3308 glos-

313 3320 360 3385 sis
373 3319 407 3386 in
419 3320 530 3384 librum
551 3323 693 3406 receptis,
716 3324 771 3386 sed
791 3325 894 3388 omnia
916 3328 1055 3392 omnium
1076 3331 1257 3416 scriptorum
1269 3351 1359 3394 voca·
1426 3349 1427 3392 t

318 3425 391 3486 bula
405 3444 472 3486 esse
491 3422 713 3505 eDiogeniano
728 3431 867 3508 collecta,
888 3451 950 3492 non
966 3435 1068 3494 solmn
1080 3432 1260 3520 Epicorum,
1286 3433 1358 3495 Trn-
1426 3433 1427 3440 ’

319 3526 470 3606 gicorum,
505 3526 716 3610 Cornicorum,
753 3531 809 3596 sed
835 3535 926 3596 etiam
950 3533 1129 3616 Oratorum,
1158 3536 1357 3614 Medicorum,

316 3627 548 3694 Historicorum.
601 3629 695 3712 Quod
719 3635 754 3698 si.
770 3659 842 3699 vere
863 3635 1073 3716 Diogenianus
1097 3639 1258 3720 voluisset,
1277 3636 1358 3725 .quid
1426 3675 1427 3714 3

319 3724 454 3804 Galenus
483 3747 585 3797 contra
604 3758 676 3798 eum
697 3733 891 3823 disputasset,
920 3740 973 3826 qut
991 3741 1025 3802 in
1045 3745 1172 3827 praelat.
1194 3741 1234 3802 ad
1248 3759 1360 3808 vocum
1426 3721 1427 3790 Ῑ

317 3829 597 3917 Hippocraticarum
628 3840 885 3924 explanationem,
921 3841 1136 3908 Dioscoridem
1162 3824 1360 3908 veliementer

314 3933 522 4018 reprehendit,
543 3939 593 4022 qui
608 3941 711 4002 omnia
724 3943 915 4029 Hippocratis
934 3949 1084 4010 vocabula
1103 3971 1137 4011 se
1150 3951 1358 4035 expositurum

313 4036 465 4124 pollicitus
477 4041 589 4118 fuerat,
607 4041 668 4104 sed
688 4056 723 4105 ut
743 4041 876 4110 Galenus
898 4048 953 4128 ait,
974 4073 1015 4112 ne
1034 4053 1151 4114 tertiam
1171 4051 1298 4138 quidem
1310 4061 1358 4116 aut

312 4152 450 4228 quartem
463 4153 580 4232 partem
600 4146 739 4210 omnium
759 4153 978 4219 vocabulorum
991 4155 1185 4241 Hippocratis
1202 4177 1356 4242 exposue-
1426 4201 1427 4216 .
