2894 4816
1118 355 1166 434 tt?

115 529 271 621 professus
288 531 334 596 e'st
354 533 421 612 ‚·‚ex
439 531 585 598 Heraclea
603 531 729 596 Pontica
743 533 846 598 'virum
861 537 924 596 riou
936 544 1036 598 ortum
1051 535 1164 617 ess'e“;'

116 635 229 698 deinde
249 635 430 720 suspicetur,
457 636 638 699 Heracleam
654 634 795 698 Albecen
815 638 881 701 eius
901 638 1030 723 panium
1049 639 1158 703 fuisset

115 759 178 822 quo
194 735 319 799 tandem
331 736 427 798 modo
442 737 482 798 ite
497 759 621 822 pergere
639 740 739 824 potuit
759 733 827 817 „od
847 735 911 820 γάρ
934 736 1039 822 ῥηταῖς
1061 726 1165 821 εὖρον

115 833 155 904 ro'
178 835 212 916 ἐξ
232 834 408 921 ἡρακλείας
428 832 532 903 αὐτὸν
554 834 639 903 εἶναι
660 834 697 904 ἐν
716 835 846 924 πόντῳ,
869 833 943 903 ἀλλ”
966 835 1054 905 οὕτω
1069 833 1160 922 παρά

115 954 183 1006 τισι
203 935 447 1017 σῖεδόξασααΝ.ρ
468 941 578 1004 Nonne
593 945 685 1022 longe
700 944 814 1027 aptiora
833 944 910 1004 haec
922 944 1030 1022 forent,
1052 944 1078 1006 si
1094 954 1161 1004 ant-

15 1065 22 1079 ·
115 1066 155 1106 ee
171 1045 297 1129 scriptor
310 1039 443 1118 dixisset,
466 1064 505 1104 ex
517 1042 644 1106 Pontica
655 1045 801 1107 Heraclea
817 1043 1043 1124 Diogenianum
1056 1044 1161 1130 prodi-

114 1146 193 1224 isse3
221 1156 254 1205 ut
277 1145 310 1205 in
334 1141 453 1205 Atdtno
477 1145 554 1206 libro
584 1147 744 1226 leguntur?
765 1147 924 1209 Praeterea
943 1146 1050 1208 erroris
1074 1163 1163 1210 caus-¹

68 1310 71 1318 ,
114 1239 553 1330 semfiusseipocorttrvcov
573 1244 695 1310 Bestius
714 1249 852 1310 coniecit.
894 1247 940 1310 At
960 1247 987 1310 si
1005 1247 1160 1332 scriptore

113 1350 216 1435 priore
238 1343 434 1431 ‚,peyovoie“
456 1347 497 1410 ad
513 1350 662 1433 posterius
675 1347 980 1430 deferebaturpculis‚
1002 1347 1163 1434 quomodo*

114 1454 232 1512 factum
245 1462 306 1529 est,
328 1461 362 1512 ut
372 1445 429 1514 stul
451 1447 625 1516 excideret?
646 1448 808 1512 Accedunt
822 1453 983 1515 accusativi
996 1451 1163 1514 nomine&

114 1573 175 1616 vos
200 1554 395 1638 excipientem¹
437 1550 478 1614 Ut
506 1553 607 1631 brevi,
638 1552 721 1638 quod
749 1555 864 1633 sentio,
891 1551 1163 1639 comprehendam-,1

116 1653 302 1740 corruptelae
315 1655 400 1734 origo
413 1655 502 1717 letius
514 1666 614 1740 petet:
635 1677 805 1739 magnaque
823 1656 897 1718 vitia
910 1677 974 1718 uon
991 1675 1046 1716 eos
1057 1657 1159 1717 solum

115 1757 226 1836 libros,
255 1756 363 1842 quibus
383 1753 500 1834 Aldus,
527 1755 678 1819 Ku'sterus
701 1758 811 1842 aliique
830 1758 877 1819 usi
894 1767 978 1837 sunt,
999 1755 1055 1820 scd
1076 1756 1160 1820 Pari·

115 1859 250 1922 siensem
263 1859 355 1920 etiam
369 1856 508 1920 codicem
521 1872 713 1946 occuper-unt.

201 1960 273 2024 Non
298 1981 368 2024 sum
391 1960 527 2038 nescius,
566 1983 620 2024 me
647 1962 801 2025 codicibus
827 1961 953 2047 aliisque
978 1960 1160 2025 adiumentis

116 2062 245 2125 omnino
261 2061 498 2140 destitutum,
473 2083 500 2124 ει
520 2063 577 2124 has
590 2075 687 2126 tantas
709 2064 899 2127 difficultates
920 2065 1042 2128 vincere
1054 2085 1160 2144 eggre-

10 2181 12 2188 ’
117 2163 199 2244 dior,
231 2165 323 2226 nimis
343 2162 491 2225 audacem
510 2167 652 2228 omnibus
673 2168 810 2230 visurum
838 2187 915 2230 esse.
941 2166 1160 2252 'Proptereea

116 2269 200 2330 nulla
221 2276 358 2329 retento
385 2287 478 2352 opere
497 2287 549 2328 me
570 2268 701 2330 cohibeo
725 2291 817 2354 quam
838 2272 876 2331 ab
896 2290 932 2330 ea
954 2267 1159 2348 immodestis,

117 2391 195 2454 quae
207 2379 352 2453 tanquam
366 2367 406 2430 de
422 2367 541 2454 tripode
563 2369 704 2453 loquitur.-
751 2369 820 2433 Iam
838 2371 929 2450 igitur
939 2373 1032 2435 missa
1045 2373 1096 2434 ille
1109 2371 1161 2434 sul

116 2493 172 2558 pra
183 2470 262 2533 dicte
275 2471 454 2550 coniectmr,
470 2473 527 2546 elia
542 2471 679 2532 onirnum
689 2472 779 2548 subit,
790 2473 841 2534 vel
848 2474 1049 2536 verisimilior.
1072 2472 1161 2553 Quae
1196 2533 1197 2538 ,

115 2574 151 2636 in
169 2573 299 2658 antiquis
321 2574 545 2658 exemplaribus
565 2570 604 2632 de
627 2593 689 2634 uno
704 2571 898 2652 Diogeniano
912 2572 990 2634 diota
1006 2581 1103 2652 erent,
1126 2579 1162 2636 eir

117 2679 157 2740 ab
177 2677 265 2738 initio
286 2674 450 2754 disiuncta,
472 2676 514 2737 ita
533 2673 700 2760 separando
719 2685 804 2752 sunt,
825 2685 858 2736 ut
878 2676 987 2759 scripta
1008 2676 1091 2760 prius
1104 2697 1163 2737 noa

116 2780 239 2841 minate
260 2789 291 2840 et
308 2778 498 2841 nominativo
522 2797 592 2840 oesu
615 2777 749 2845 exhibite
769 2779 943 2864 posterioris
963 2779 1036 2855 sint,
1058 2791 1162 2864 poste-

116 2884 179 2946 'rius
199 2894 301 2945 eutem
323 2882 480 2944 nominata
502 2901 573 2944 casu
598 2881 770 2944 accusativo
793 2881 912 2966 prioris.
966 2881 1115 2942 Locum
1106 2881 1164 2961 rgi-

115 2987 218 3047 turita
230 2983 352 3064 digero:

74 3156 77 3160 ,
205 3081 454 3170 Διογαναανός·
488 3078 684 3167 Ἡρακλείας
723 3081 877 3152 Πόντου·
922 3071 1163 3170 γραμμααιαός·

116 3183 265 3274 γεγονώς
290 3185 342 3254 ἐπὶ
370 3183 546 3273 Ἀδριανοῦ
575 3183 748 3272 βασιλέως·
784 3187 938 3272 [ἔγραψε]
967 3185 1040 3268 περὶ
1065 3206 1164 3254 ποτα·

117 3295 193 3377 μαῖα
205 3285 290 3356 κατὰ
306 3297 470 3375 στοιχεῖον
481 3287 640 3373 ἐπίτομον
659 3285 874 3375 ἀναγραφήν·
897 3286 1094 3373 συναγωγὴν
1108 3287 1166 3354 καὶ

117 3395 243 3460 πίνακα
259 3391 328 3456 τῶν
342 3389 379 3456 ἐν
393 3389 482 3478 πάσῃ
496 3395 536 3477 τῇ
548 3415 607 3476 pp
577 3389 736 3458 πόλεων
748 3389 806 3458 καὶ
824 3413 865 3457 τα
853 3386 988 3456 λοιπα

287 3493 383 3636 Atop.
402 3491 532 3577 ’.Ηρακλ
557 3490 670 3573 ἑτέρας
695 3488 816 3580 αὐτῆς
839 3488 1036 3558 Πόνταα-
1060 3485 1167 3578 ἄκραα-

868 3597 977 3677 ρειῶν

119 3701 203 3767 Nihil
215 3695 340 3762 ulterius
354 3627 469 3776 uedeo,
492 3717 664 3782 quanquam
676 3696 718 3758 ite
732 3717 854 3782 quoque
868 3700 970 3760 locum
985 3720 1048 3762 non
1061 3721 1166 3787 persa·
1189 3717 1194 3732 '

120 3817 227 3868 netum
239 3821 307 3864 esse
320 3798 421 3863 credo.
463 3799 570 3886 Neque
590 3801 705 3879 silebo,
727 3801 806 3862 hanc
822 3799 946 3886 quidem
964 3804 1165 3888 posteriorem

20 3911 24 3922 '
122 3908 327 3970 coniecturam
347 3924 385 3966 eo
406 3901 630 3983 commendari,
658 3901 743 3988 quod
762 3923 841 3989 quae
859 3907 897 3968 ab
917 3905 1004 3968 initio
1026 3905 1166 3968 codicum

122 4009 298 4072 auctoritate
313 4017 433 4069 ostensa
446 4017 493 4070 est
508 4010 693 4093 corruptele,
716 4027 752 4068 ee
765 4009 855 4070 facile
867 4010 968 4095 potrrit
980 4009 1073 4069 finem
1090 4027 1166 4091 quo-

73 4135 78 4146 ·
125 4135 182 4199 que
203 4129 367 4197 occuprre3
396 4108 529 4195 priorem
547 4121 666 4188 eutem,
697 4129 775 4193 quae
796 4109 950 4193 Gyuiceno
972 4107 1165 4189 grammatico
