2894 4816
298 385 342 486 lli

299 563 402 627 missa.
459 559 581 624 Vocem
603 548 860 640 ἐπιγραμμάτων
881 571 899 613 a
920 547 1046 612 nomine
1071 544 1256 632 zopyrionis
1284 541 1354 605 dis-

178 739 180 744 ,
300 667 474 744 iunxerunt,
500 672 531 723 et
552 661 772 722 coniunxerunt
793 676 863 717 cum
884 673 963 718 voce
984 640 1195 730 ἅνθολόγιον.
1240 642 1374 714 luico-¹

301 789 367 852 μον
396 758 593 847 ἀναγραφὴν
622 758 890 846 praecedentibus,
924 748 1120 836 συναγωγὴν
1151 749 1354 834 sequentibus

301 867 491 932 addiderunt.
535 864 751 949 Tam'apertae
771 871 874 922 autem
886 856 1067 920 videbantur
1081 856 1141 916 hae
1153 852 1352 925 mutationes,
1444 841 1446 916 i

300 983 336 1032 ut
352 991 445 1032 nemo
467 966 507 1030 de
521 983 631 1032 ‚eantm
647 964 773 1030 ueritate
794 960 952 1024 dubitaret.
994 957 1075 1044 llinc
1097 957 1292 1031 factumest,
1317 962 1353 1012 nt
1383 1004 1390 1020 .
1445 953 1446 1010 1

301 1072 530 1153 Diogenianum
549 1069 803 1154 epigrammatum
830 1061 1040 1126 collectoribus
1059 1057 1100 1121 ad
1119 1078 1215 1118 unum
1238 1075 1353 1116 omnes

293 1174 548 1248 *adnumerarenb
581 1167 654 1248 (cfr.
674 1167 783 1230 lacobs
800 1166 881 1228 etin
898 1163 1105 1242 Prolegomni.
1119 1158 1159 1220 ad
1176 1156 1351 1239 Antholog.

292 1288 333 1362 p.
344 1267 506 1338 XXXIV.
513 1293 597 1356 seqq.
610 1281 640 1332 et
652 1271 684 1332 in
696 1265 943 1353 Encyclopaedia
955 1265 1074 1328 Etschii
1086 1274 1116 1324 et
1127 1258 1256 1324 Gruberi
1272 1280 1299 1321 s.
1317 1280 1351 1330 ιι.

302 1375 529 1454 Anthologie,)
552 1384 585 1434 et
605 1372 638 1434 in
658 1369 800 1434 ordinem
816 1370 1011 1454 scriptorum,
1033 1367 1084 1452 qui
1098 1385 1152 1426 res
1165 1363 1351 1446 geographi-

253 1537 257 1544 .
299 1499 353 1541 cas
373 1477 546 1558 tetigerunt,
575 1474 756 1559 reciperent,
779 1475 832 1536 cir.
853 1472 1001 1535 Vossium
1021 1467 1185 1530 deHistor.
1201 1461 1253 1526 Gr.
1269 1467 1288 1524 l.
1306 1461 1350 1530 Π.

304 1579 427 1656 c.'XlI,
449 1601 480 1663 p.
496 1581 573 1653 221,
600 1574 639 1638 de
656 1575 804 1654 lllathesi,
827 1596 892 1660 cap.
914 1569 1066 1648 LXVIII,
1096 1567 1123 1652 ᾗ.
1152 1573 1200 1632 11.
1244 1549 1351 1628 Ultor-ti
1445 1637 1446 1648 χ

231 1723 236 1734 .
290 1684 362 1744 ¹alte
383 1677 592 1762 Geographie‚
621 1675 694 1754 el,
726 1700 757 1763 p.
781 1677 855 1743 224.
906 1671 969 1738 Sed
990 1693 1055 1733 non
1077 1667 1186 1732 eadem
1208 1669 1350 1731 omniurn
1445 1749 1446 1760 ἵ

303 1782 462 1852 consensio
473 1779 531 1842 tuit
544 1778 577 1840 in
591 1779 713 1858 ceteris3
729 1801 828 1863 neque
835 1776 945 1840 eadem
956 1771 1195 1838 inemendandis
1202 1771 1281 1834 vitiis
1294 1791 1349 1834 sa-

302 1885 422 1964 gacitas.
443 1881 524 1945 Nam
535 1903 629 1966 qutun
642 1882 803 1965 unicuique
816 1880 970 1959 cognitum
986 1876 1033 1955 sit,
1047 1875 1223 1940 scholiastas
1236 1871 1349 1936 adver-

300 1988 354 2068 bio
367 1978 493 2069 μήποςᾷ
507 2004 579 2046 tuos
598 2003 674 2059 esse,
689 1983 742 2044 ubi
752 1982 975 2044 dubitationem
982 1977 1135 2063 quandam
1150 1989 1181 2040 et
1194 1977 1349 2038 coniectu-

288 2110 368 2152 ·ram
382 2107 470 2150 suasu
482 2103 656 2170 proponere
667 2085 775 2146 volunt
786 2092 817 2144 et
833 2082 896 2144 iam
912 2084 950 2144 ab
963 2081 1096 2144 Henrico
1114 2079 1269 2165 Stephano
1286 2099 1348 2140 no-

301 2200 399 2252 tatum
421 2188 455 2250 in
471 2185 646 2270 Properasc.
672 2183 712 2245 ad
740 2185 823 2246 lect.
849 2186 945 2247 schol.
977 2179 1118 2246 Graecor.
1149 2183 1182 2244 in
1204 2181 1346 2264 Thucyd.

300 2291 417 2375 script,
440 2309 517 2373 quae
529 2286 616 2348 initio
636 2287 713 2348 sexti
728 2287 893 2349 voluminis
911 2283 1100 2372 Thucydidis
1114 2283 1239 2370 Bipont.
1255 2307 1346 2372 repe-

301 2392 354 2484 tita
368 2402 424 2469 est,
444 2412 475 2475 p.
490 2393 542 2484 20.
557 2409 637 2484 seq.:
659 2399 762 2450 tamen
774 2382 963 2470 ἐπισιητὲον
976 2385 1051 2448 illud
1062 2386 1295 2449 incommodum
1304 2425 1344 2436 -
1398 2371 1401 2378 ’

285 2494 450 2584 'significat
463 2491 566 2590 enim:
596 2489 770 2554 sciendum
787 2499 835 2553 est
856 2529 894 2537 —
917 2477 1034 2568 locum,
1063 2511 1154 2574 quem
1175 2510 1346 2574 occupave—

301 2607 361 2674 rat,
383 2594 611 2678 reti'nuitusque
626 2592 665 2654 ad
685 2603 1005 2672 recentem'aetatem,
1027 2613 1087 2678 qua
1106 2590 1261 2654 estBastii
1276 2589 1346 2654 dili·
1444 2577 1445 2586 ἵ

301 2697 402 2778 gentia
418 2706 451 2758 et
467 2695 623 2758 Schaeferi
643 2695 757 2758 iudicio
780 2707 933 2774 coactum,
955 2717 1028 2756 eum
1052 2695 1123 2758 voci
1143 2681 1346 2774 ἐπιαιαιέον,

301 2799 322 2861 i.
343 2819 370 2861 e.
393 2797 660 2877 considerandum,
682 2797 851 2862 videndum
873 2809 933 2876 est,
960 2799 1146 2883 relinquere3
1174 2800 1229 2860 cfr.
1251 2795 1345 2878 Greg.

302 2899 438 2962 corinrn
460 2899 500 2962 de
520 2897 601 2962 dinll.
622 2923 654 2986 p.
677 2899 749 2964 241.
773 2899 821 2963 ed.
846 2899 967 2963 Schaef.
1010 2897 1132 2962 Deinde
1148 2900 1233 2963 vatio
1248 2900 1344 2964 modo

299 3012 413 3062 tentata
426 3011 512 3062 sunt:
535 2999 706 3076 παντοίοις
727 2997 847 3084 λόγοις.
889 3000 1031 3086 Denique
1051 2999 1134 3086 quod
1151 2999 1226 3082 περὶ
1246 3021 1346 3067 uoca-

300 3101 376 3182 μῶν
395 3099 517 3162 duobus
538 3102 620 3163 libris
641 3103 796 3187 scripsisse
813 3103 935 3184 dicitur,
963 3106 1077 3166 multos
1099 3103 1236 3167 offendit.
1281 3103 1345 3168 Sed

284 3203 349 3264 'via
370 3224 387 3263 a
408 3200 534 3278 Schotto
556 3203 645 3282 inita,
672 3206 729 3288 qui
746 3225 803 3290 pro
824 3206 983 3289 ποταμῶν
1004 3207 1192 3290 παροιμιῶν
1212 3207 1345 3270 scribere

162 3363 168 3370 .
298 3306 436 3382 volebat,
460 3303 574 3367 Vossio
596 3304 721 3390 quidem
741 3327 814 3370 vera
833 3329 900 3371 esse
921 3308 1096 3388 videbatur,
1118 3305 1158 3370 de
1173 3305 1345 3394 philologia

299 3403 443 3494 cap.'Vl,
463 3403 492 3487 b
510 3412 540 3471 2.
564 3407 669 3495 (Opp.
685 3409 759 3506 Vol.
773 3408 826 3472 Ill.
841 3409 876 3473 Ρ.
892 3409 946 3474 ΠΙ.
969 3435 1000 3496 p.
1018 3411 1068 3476 45.
1087 3413 1140 3492 a),
1163 3409 1345 3498 displicebat

298 3520 401 3572 autem
416 3508 461 3572 lo.
473 3507 547 3572 Atb.
559 3509 713 3591 Fabricio,
734 3513 807 3574 bibl.
822 3509 874 3575 Gr.
895 3515 948 3576 lib.
964 3512 1028 3575 TV.
1053 3533 1118 3598 cap.
1139 3511 1201 3582 IX.
1246 3513 1344 3576 Ulter-

297 3620 345 3670 tus
359 3621 477 3688 tamen,
501 3615 522 3674 l.
535 3614 556 3675 l.
573 3612 693 3677 duobus
713 3615 926 3678 tantummodo
944 3615 1027 3678 libris
1040 3613 1227 3695 Diogeniani
1239 3615 1343 3677 nomi-

296 3711 384 3787 natis,
402 3710 521 3774 Schotti
534 3718 716 3778 sententiam
730 3717 832 3780 denuo
848 3729 968 3781 secutus
980 3729 1036 3780 est.
1080 3717 1119 3780 Ut
1128 3699 1233 3780 tamen
1248 3737 1343 3803 saepe

293 3811 362 3872 fieti
381 3813 472 3891 solet,
502 3814 534 3876 id
552 3816 637 3900 quod
660 3822 799 3881 omniurn
820 3803 1045 3906 apertissimtmr
1061 3821 1172 3884 virium
1191 3833 1271 3900 erat,
1299 3817 1343 3882 sd

295 3911 378 3973 hunc
397 3932 493 3996 usque
512 3915 609 3997 diem,
631 3932 754 3982 nactum
771 3921 896 4006 quidem
917 3933 977 4001 est,
1003 3924 1057 4008 qui
1075 3901 1341 4002 anirnadverteret,
1443 3913 1444 3938 ¹

291 4023 325 4075 'ret
342 4012 475 4092 videret,
499 4016 555 4079 sed
573 4041 636 4081 non
656 4024 708 4107 qui
727 4035 854 4087 sanaret.
902 4023 1025 4089 Etenim
1045 4037 1209 4112 postquam
1228 4023 1341 4090 Suidas

294 4115 335 4176 ita
346 4116 512 4202 inceperat,
532 4114 621 4199 „lon
644 4121 681 4187 di
702 4119 941 4211 aborsibus
961 4131 1096 4209 ταῦταίι,
1119 4131 1158 4191 ab
1170 4129 1257 4190 initio
1270 4128 1341 4212 qui-
