<?xml version="1.0" encoding="UTF-8"?>
<!DOCTYPE html PUBLIC "-//W3C//DTD XHTML 1.0 Transitional//EN"
    "http://www.w3.org/TR/xhtml1/DTD/xhtml1-transitional.dtd">
<html xmlns="http://www.w3.org/1999/xhtml" xml:lang="en" lang="en">
 <head>
  <title>
</title>
<meta http-equiv="Content-Type" content="text/html;charset=utf-8" />
  <meta name='ocr-system' content='tesseract 3.04.00' />
  <meta name='ocr-capabilities' content='ocr_page ocr_carea ocr_par ocr_line ocrx_word'/>
</head>
<body>
  <div class='ocr_page' id='page_1' title='image "./caroliferdinand01rankgoog_0115.png"; bbox 0 0 2918 4806; ppageno 0'>
   <div class='ocr_carea' id='block_1_1' title="bbox 271 300 336 362">
    <p class='ocr_par' dir='ltr' id='par_1_1' title="bbox 271 300 336 362">
     <span class='ocr_line' id='line_1_1' title="bbox 271 300 336 362; baseline 0 0"><span class='ocrx_word' id='word_1_1' title='bbox 271 300 336 362; x_wconf 79' lang='lat'>1⁰4</span> 
     </span>
    </p>
   </div>
   <div class='ocr_carea' id='block_1_2' title="bbox 189 441 1327 1781">
    <p class='ocr_par' dir='ltr' id='par_1_2' title="bbox 271 441 1320 734">
     <span class='ocr_line' id='line_1_2' title="bbox 271 441 1319 552; baseline -0.002 -24"><span class='ocrx_word' id='word_1_2' title='bbox 271 462 429 552; x_wconf 84' lang='lat' dir='ltr'>quodiam</span> <span class='ocrx_word' id='word_1_3' title='bbox 442 461 606 551; x_wconf 83' lang='lat' dir='ltr'>Sopingius</span> <span class='ocrx_word' id='word_1_4' title='bbox 623 441 768 542; x_wconf 85' lang='lat' dir='ltr'>coniecit,</span> <span class='ocrx_word' id='word_1_5' title='bbox 791 472 821 526; x_wconf 86' lang='lat' dir='ltr'>et</span> <span class='ocrx_word' id='word_1_6' title='bbox 839 461 977 541; x_wconf 81' lang='lat' dir='ltr'>adverte,</span> <span class='ocrx_word' id='word_1_7' title='bbox 998 462 1031 524; x_wconf 89' lang='lat' dir='ltr'>in</span> <span class='ocrx_word' id='word_1_8' title='bbox 1052 461 1101 526; x_wconf 86' lang='lat' dir='ltr'>his</span> <span class='ocrx_word' id='word_1_9' title='bbox 1117 459 1198 548; x_wconf 87' lang='lat' dir='ltr'>apud</span> <span class='ocrx_word' id='word_1_10' title='bbox 1211 461 1319 544; x_wconf 83' lang='lat' dir='ltr'>Hesy-</span> 
     </span>
     <span class='ocr_line' id='line_1_3' title="bbox 273 563 1320 652; baseline -0.001 -24"><span class='ocrx_word' id='word_1_11' title='bbox 273 568 376 629; x_wconf 90' lang='lat' dir='ltr'>chium</span> <span class='ocrx_word' id='word_1_12' title='bbox 395 567 528 652; x_wconf 92' lang='lat' dir='ltr'>primum</span> <span class='ocrx_word' id='word_1_13' title='bbox 546 566 707 645; x_wconf 83' lang='lat' dir='ltr'>Ameriae,</span> <span class='ocrx_word' id='word_1_14' title='bbox 735 568 787 629; x_wconf 87' lang='lat' dir='ltr'>cfr.</span> <span class='ocrx_word' id='word_1_15' title='bbox 810 563 926 628; x_wconf 89' lang='lat' dir='ltr'>Athen.</span> <span class='ocrx_word' id='word_1_16' title='bbox 948 565 1012 645; x_wconf 89' lang='lat' dir='ltr'>IV,</span> <span class='ocrx_word' id='word_1_17' title='bbox 1039 589 1069 652; x_wconf 93' lang='lat' dir='ltr'>p.</span> <span class='ocrx_word' id='word_1_18' title='bbox 1101 570 1175 644; x_wconf 84' lang='lat'>176,</span> <span class='ocrx_word' id='word_1_19' title='bbox 1204 564 1320 628; x_wconf 87' lang='lat' dir='ltr'>deinde</span> 
     </span>
     <span class='ocr_line' id='line_1_4' title="bbox 274 667 804 734; baseline -0.002 -3"><span class='ocrx_word' id='word_1_20' title='bbox 274 667 462 731; x_wconf 79' lang='lat' dir='ltr'>Artemidori</span> <span class='ocrx_word' id='word_1_21' title='bbox 474 671 602 734; x_wconf 80' lang='lat' dir='ltr'>enarrari</span> <span class='ocrx_word' id='word_1_22' title='bbox 614 669 804 734; x_wconf 83' lang='lat' dir='ltr'><strong>sententiam.</strong></span> 
     </span>
    </p>

    <p class='ocr_par' dir='ltr' id='par_1_3' title="bbox 189 767 1327 1781">
     <span class='ocr_line' id='line_1_5' title="bbox 359 767 1320 856; baseline -0.003 -23"><span class='ocrx_word' id='word_1_23' title='bbox 359 768 431 833; x_wconf 90' lang='lat' dir='ltr'>Non</span> <span class='ocrx_word' id='word_1_24' title='bbox 454 783 568 835; x_wconf 88' lang='lat' dir='ltr'>temere</span> <span class='ocrx_word' id='word_1_25' title='bbox 592 771 751 850; x_wconf 82' lang='lat' dir='ltr'>coniunxi,</span> <span class='ocrx_word' id='word_1_26' title='bbox 786 791 864 856; x_wconf 90' lang='lat' dir='ltr'>quae</span> <span class='ocrx_word' id='word_1_27' title='bbox 887 770 1037 856; x_wconf 87' lang='lat' dir='ltr'>plerisque</span> <span class='ocrx_word' id='word_1_28' title='bbox 1057 767 1225 855; x_wconf 91' lang='lat' dir='ltr'>separanda</span> <span class='ocrx_word' id='word_1_29' title='bbox 1250 789 1320 830; x_wconf 87' lang='lat' dir='ltr'>esse</span> 
     </span>
     <span class='ocr_line' id='line_1_6' title="bbox 189 862 1321 957; baseline -0.003 -21"><span class='ocrx_word' id='word_1_30' title='bbox 189 862 201 882; x_wconf 76' lang='grc'><strong>“</strong></span> <span class='ocrx_word' id='word_1_31' title='bbox 276 870 466 936; x_wconf 85' lang='lat' dir='ltr'>videbuntur.</span> <span class='ocrx_word' id='word_1_32' title='bbox 514 873 583 940; x_wconf 84' lang='lat' dir='ltr'>Fuit</span> <span class='ocrx_word' id='word_1_33' title='bbox 608 875 693 936; x_wconf 88' lang='lat' dir='ltr'>enirn</span> <span class='ocrx_word' id='word_1_34' title='bbox 717 894 812 957; x_wconf 88' lang='lat' dir='ltr'>usque</span> <span class='ocrx_word' id='word_1_35' title='bbox 839 871 879 936; x_wconf 88' lang='lat' dir='ltr'>ad</span> <span class='ocrx_word' id='word_1_36' title='bbox 912 874 992 934; x_wconf 85' lang='lat' dir='ltr'>hanc</span> <span class='ocrx_word' id='word_1_37' title='bbox 1018 882 1148 938; x_wconf 89' lang='lat' dir='ltr'>aetatem</span> <span class='ocrx_word' id='word_1_38' title='bbox 1176 883 1321 934; x_wconf 85' lang='lat' dir='ltr'>constans</span> 
     </span>
     <span class='ocr_line' id='line_1_7' title="bbox 275 972 1321 1062; baseline -0.002 -24"><span class='ocrx_word' id='word_1_39' title='bbox 275 975 410 1038; x_wconf 84' lang='lat' dir='ltr'>virorum</span> <span class='ocrx_word' id='word_1_40' title='bbox 430 976 588 1039; x_wconf 86' lang='lat' dir='ltr'>doctorum</span> <span class='ocrx_word' id='word_1_41' title='bbox 603 977 725 1062; x_wconf 90' lang='lat' dir='ltr'>opinio,</span> <span class='ocrx_word' id='word_1_42' title='bbox 747 974 885 1040; x_wconf 87' lang='lat' dir='ltr'>diversos</span> <span class='ocrx_word' id='word_1_43' title='bbox 902 997 970 1042; x_wconf 84' lang='lat' dir='ltr'>esse</span> <span class='ocrx_word' id='word_1_44' title='bbox 982 976 1124 1038; x_wconf 82' lang='lat' dir='ltr'>homines</span> <span class='ocrx_word' id='word_1_45' title='bbox 1138 972 1321 1036; x_wconf 87' lang='lat' dir='ltr'>Artemido-</span> 
     </span>
     <span class='ocr_line' id='line_1_8' title="bbox 277 1075 1322 1164; baseline -0.001 -26"><span class='ocrx_word' id='word_1_46' title='bbox 277 1097 345 1138; x_wconf 88' lang='lat' dir='ltr'>rum</span> <span class='ocrx_word' id='word_1_47' title='bbox 361 1075 622 1164; x_wconf 74' lang='lat' dir='ltr'>Aristophanem</span> <span class='ocrx_word' id='word_1_48' title='bbox 640 1090 671 1140; x_wconf 90' lang='lat' dir='ltr'>et</span> <span class='ocrx_word' id='word_1_49' title='bbox 682 1077 865 1164; x_wconf 87' lang='lat' dir='ltr'>Ephesium,</span> <span class='ocrx_word' id='word_1_50' title='bbox 887 1088 918 1140; x_wconf 82' lang='lat' dir='ltr'>et</span> <span class='ocrx_word' id='word_1_51' title='bbox 934 1075 1018 1164; x_wconf 90' lang='lat' dir='ltr'>quod</span> <span class='ocrx_word' id='word_1_52' title='bbox 1031 1075 1105 1142; x_wconf 88' lang='lat' dir='ltr'>inde</span> <span class='ocrx_word' id='word_1_53' title='bbox 1118 1077 1322 1160; x_wconf 69' lang='lat' dir='ltr'>consequitur,</span> 
     </span>
     <span class='ocr_line' id='line_1_9' title="bbox 278 1171 1322 1267; baseline 0.002 -28"><span class='ocrx_word' id='word_1_54' title='bbox 278 1177 469 1242; x_wconf 87' lang='lat' dir='ltr'>diversorum</span> <span class='ocrx_word' id='word_1_55' title='bbox 482 1201 589 1267; x_wconf 90' lang='lat' dir='ltr'>opera,</span> <span class='ocrx_word' id='word_1_56' title='bbox 615 1178 691 1262; x_wconf 76' lang='grc' dir='ltr'>περὶ</span> <span class='ocrx_word' id='word_1_57' title='bbox 711 1181 863 1261; x_wconf 70' lang='grc' dir='ltr'><em>Δωρίδος</em></span> <span class='ocrx_word' id='word_1_58' title='bbox 873 1191 915 1246; x_wconf 85' lang='lat' dir='ltr'>&#39;et</span> <span class='ocrx_word' id='word_1_59' title='bbox 932 1174 1060 1244; x_wconf 77' lang='grc' dir='ltr'><strong><em>Ἰωνικὰ</em></strong></span> <span class='ocrx_word' id='word_1_60' title='bbox 1074 1171 1322 1261; x_wconf 71' lang='grc' dir='ltr'><strong><em>Ὑπομνήματα.</em></strong></span> 
     </span>
     <span class='ocr_line' id='line_1_10' title="bbox 278 1277 1322 1369; baseline 0.002 -29"><span class='ocrx_word' id='word_1_61' title='bbox 278 1277 431 1364; x_wconf 87' lang='lat' dir='ltr'>Equidem</span> <span class='ocrx_word' id='word_1_62' title='bbox 452 1294 556 1345; x_wconf 87' lang='lat' dir='ltr'>contra</span> <span class='ocrx_word' id='word_1_63' title='bbox 581 1304 678 1346; x_wconf 90' lang='lat' dir='ltr'>unum</span> <span class='ocrx_word' id='word_1_64' title='bbox 700 1282 892 1369; x_wconf 87' lang='lat' dir='ltr'>eundemque</span> <span class='ocrx_word' id='word_1_65' title='bbox 916 1282 1077 1344; x_wconf 87' lang='lat' dir='ltr'>hominem</span> <span class='ocrx_word' id='word_1_66' title='bbox 1098 1283 1136 1344; x_wconf 87' lang='lat' dir='ltr'>ab</span> <span class='ocrx_word' id='word_1_67' title='bbox 1154 1278 1322 1342; x_wconf 81' lang='lat' dir='ltr'>Athenaeo</span> 
     </span>
     <span class='ocr_line' id='line_1_11' title="bbox 278 1379 1325 1473; baseline 0.002 -31"><span class='ocrx_word' id='word_1_68' title='bbox 278 1379 375 1444; x_wconf 89' lang='lat' dir='ltr'>modo</span> <span class='ocrx_word' id='word_1_69' title='bbox 388 1381 572 1468; x_wconf 90' lang='lat' dir='ltr'>Ephesium,</span> <span class='ocrx_word' id='word_1_70' title='bbox 593 1385 688 1452; x_wconf 89' lang='lat' dir='ltr'>modo</span> <span class='ocrx_word' id='word_1_71' title='bbox 704 1385 964 1473; x_wconf 87' lang='lat' dir='ltr'>Aristophanemn</span> <span class='ocrx_word' id='word_1_72' title='bbox 978 1397 1121 1449; x_wconf 87' lang='lat' dir='ltr'>vocatum</span> <span class='ocrx_word' id='word_1_73' title='bbox 1142 1405 1209 1450; x_wconf 85' lang='lat' dir='ltr'>esse</span> <span class='ocrx_word' id='word_1_74' title='bbox 1222 1384 1325 1470; x_wconf 88' lang='lat' dir='ltr'>suspi-</span> 
     </span>
     <span class='ocr_line' id='line_1_12' title="bbox 282 1482 1325 1564; baseline 0.005 -21"><span class='ocrx_word' id='word_1_75' title='bbox 282 1503 343 1543; x_wconf 89' lang='lat' dir='ltr'>cor.</span> <span class='ocrx_word' id='word_1_76' title='bbox 385 1482 466 1546; x_wconf 89' lang='lat' dir='ltr'>Nam</span> <span class='ocrx_word' id='word_1_77' title='bbox 476 1485 510 1546; x_wconf 92' lang='lat' dir='ltr'>id</span> <span class='ocrx_word' id='word_1_78' title='bbox 522 1509 587 1549; x_wconf 86' lang='lat' dir='ltr'>non</span> <span class='ocrx_word' id='word_1_79' title='bbox 599 1509 666 1550; x_wconf 83' lang='lat' dir='ltr'>raro</span> <span class='ocrx_word' id='word_1_80' title='bbox 679 1500 726 1552; x_wconf 90' lang='lat' dir='ltr'>est</span> <span class='ocrx_word' id='word_1_81' title='bbox 738 1490 772 1553; x_wconf 91' lang='lat' dir='ltr'>in</span> <span class='ocrx_word' id='word_1_82' title='bbox 783 1492 843 1552; x_wconf 91' lang='lat' dir='ltr'>hoc</span> <span class='ocrx_word' id='word_1_83' title='bbox 865 1490 941 1551; x_wconf 88' lang='lat' dir='ltr'>libro</span> <span class='ocrx_word' id='word_1_84' title='bbox 955 1491 1084 1564; x_wconf 79' lang='lat' dir='ltr'>factrim,</span> <span class='ocrx_word' id='word_1_85' title='bbox 1106 1497 1138 1548; x_wconf 91' lang='lat' dir='ltr'>ut</span> <span class='ocrx_word' id='word_1_86' title='bbox 1149 1486 1253 1550; x_wconf 91' lang='lat' dir='ltr'>eidem</span> <span class='ocrx_word' id='word_1_87' title='bbox 1264 1487 1325 1548; x_wconf 92' lang='lat' dir='ltr'>ho-</span> 
     </span>
     <span class='ocr_line' id='line_1_13' title="bbox 281 1582 1325 1672; baseline 0.007 -29"><span class='ocrx_word' id='word_1_88' title='bbox 281 1582 358 1644; x_wconf 88' lang='lat' dir='ltr'>mini</span> <span class='ocrx_word' id='word_1_89' title='bbox 379 1582 505 1650; x_wconf 88' lang='lat' dir='ltr'>diversis</span> <span class='ocrx_word' id='word_1_90' title='bbox 524 1591 599 1654; x_wconf 89' lang='lat' dir='ltr'>locis</span> <span class='ocrx_word' id='word_1_91' title='bbox 618 1589 736 1656; x_wconf 85' lang='lat' dir='ltr'>diversa</span> <span class='ocrx_word' id='word_1_92' title='bbox 764 1613 819 1656; x_wconf 87' lang='lat' dir='ltr'>sua</span> <span class='ocrx_word' id='word_1_93' title='bbox 840 1591 1024 1672; x_wconf 84' lang='lat' dir='ltr'>cognomina</span> <span class='ocrx_word' id='word_1_94' title='bbox 1047 1590 1228 1652; x_wconf 76' lang='lat' dir='ltr'>tribuantur:</span> <span class='ocrx_word' id='word_1_95' title='bbox 1259 1611 1325 1650; x_wconf 92' lang='lat' dir='ltr'>non</span> 
     </span>
     <span class='ocr_line' id='line_1_14' title="bbox 283 1684 1327 1781; baseline 0.007 -36"><span class='ocrx_word' id='word_1_96' title='bbox 283 1684 369 1747; x_wconf 88' lang='lat' dir='ltr'>aliter</span> <span class='ocrx_word' id='word_1_97' title='bbox 387 1707 421 1748; x_wconf 90' lang='lat' dir='ltr'>ac</span> <span class='ocrx_word' id='word_1_98' title='bbox 445 1689 472 1752; x_wconf 88' lang='lat' dir='ltr'>si</span> <span class='ocrx_word' id='word_1_99' title='bbox 493 1690 626 1754; x_wconf 92' lang='lat' dir='ltr'>eundem</span> <span class='ocrx_word' id='word_1_100' title='bbox 643 1693 795 1781; x_wconf 86' lang='lat' dir='ltr'>Pamphili</span> <span class='ocrx_word' id='word_1_101' title='bbox 814 1695 940 1774; x_wconf 90' lang='lat' dir='ltr'>librum,</span> <span class='ocrx_word' id='word_1_102' title='bbox 961 1705 995 1756; x_wconf 92' lang='lat' dir='ltr'>ut</span> <span class='ocrx_word' id='word_1_103' title='bbox 1007 1699 1101 1756; x_wconf 83' lang='lat' dir='ltr'>antea&#39;</span> <span class='ocrx_word' id='word_1_104' title='bbox 1111 1691 1327 1769; x_wconf 85' lang='lat' dir='ltr'>intelleximus,</span> 
     </span>
    </p>
   </div>
   <div class='ocr_carea' id='block_1_3' title="bbox 283 1785 1454 1877">
    <p class='ocr_par' dir='ltr' id='par_1_4' title="bbox 283 1785 1454 1877">
     <span class='ocr_line' id='line_1_15' title="bbox 283 1785 1454 1877; baseline -0.007 -17"><span class='ocrx_word' id='word_1_105' title='bbox 283 1785 380 1849; x_wconf 80' lang='lat' dir='ltr'><strong>1110&lt;l0</strong></span> <span class='ocrx_word' id='word_1_106' title='bbox 407 1789 505 1871; x_wconf 57' lang='lat' dir='ltr'>,aspi</span> <span class='ocrx_word' id='word_1_107' title='bbox 528 1795 712 1861; x_wconf 51' lang='grc' dir='ltr'>Γλωττῶν(ι</span> <span class='ocrx_word' id='word_1_108' title='bbox 739 1797 836 1862; x_wconf 88' lang='lat' dir='ltr'>modo</span> <span class='ocrx_word' id='word_1_109' title='bbox 861 1793 962 1877; x_wconf 68' lang='lat' dir='ltr'>„oroi</span> <span class='ocrx_word' id='word_1_110' title='bbox 980 1788 1199 1876; x_wconf 56' lang='lat' dir='ltr'>,braiaum</span> <span class='ocrx_word' id='word_1_111' title='bbox 1218 1794 1327 1856; x_wconf 84' lang='lat' dir='ltr'>inscn&#39;-</span> <span class='ocrx_word' id='word_1_112' title='bbox 1453 1847 1454 1858; x_wconf 72' lang='grc'>,</span> 
     </span>
    </p>
   </div>
   <div class='ocr_carea' id='block_1_4' title="bbox 283 1891 1328 1984">
    <p class='ocr_par' dir='ltr' id='par_1_5' title="bbox 283 1891 1328 1984">
     <span class='ocr_line' id='line_1_16' title="bbox 283 1891 1328 1984; baseline 0.013 -34"><span class='ocrx_word' id='word_1_113' title='bbox 283 1900 370 1973; x_wconf 87' lang='lat' dir='ltr'>ptum</span> <span class='ocrx_word' id='word_1_114' title='bbox 390 1894 490 1974; x_wconf 81' lang='lat' dir='ltr'>affert,</span> <span class='ocrx_word' id='word_1_115' title='bbox 511 1900 608 1960; x_wconf 86' lang='lat' dir='ltr'>semel</span> <span class='ocrx_word' id='word_1_116' title='bbox 627 1897 706 1984; x_wconf 83' lang='lat' dir='ltr'>adeo</span> <span class='ocrx_word' id='word_1_117' title='bbox 728 1895 786 1978; x_wconf 76' lang='lat' dir='ltr'>„io</span> <span class='ocrx_word' id='word_1_118' title='bbox 810 1891 965 1974; x_wconf 74' lang='grc' dir='ltr'>Ἀττικαῖς</span> <span class='ocrx_word' id='word_1_119' title='bbox 986 1894 1117 1975; x_wconf 73' lang='grc' dir='ltr'>λέξεσι.“</span> <span class='ocrx_word' id='word_1_120' title='bbox 1158 1895 1328 1980; x_wconf 81' lang='lat' dir='ltr'>Utrumque</span> 
     </span>
    </p>
   </div>
   <div class='ocr_carea' id='block_1_5' title="bbox 284 1997 1458 2286">
    <p class='ocr_par' dir='ltr' id='par_1_6' title="bbox 284 1997 1458 2286">
     <span class='ocr_line' id='line_1_17' title="bbox 284 1997 1456 2086; baseline 0.01 -34"><span class='ocrx_word' id='word_1_121' title='bbox 284 2002 387 2068; x_wconf 84' lang='lat' dir='ltr'>autem</span> <span class='ocrx_word' id='word_1_122' title='bbox 403 2015 479 2082; x_wconf 87' lang='lat' dir='ltr'>opus</span> <span class='ocrx_word' id='word_1_123' title='bbox 492 1998 631 2062; x_wconf 89' lang='lat' dir='ltr'>eiusdem</span> <span class='ocrx_word' id='word_1_124' title='bbox 644 2002 739 2065; x_wconf 84' lang='lat' dir='ltr'>fuisse</span> <span class='ocrx_word' id='word_1_125' title='bbox 753 2001 1006 2086; x_wconf 85' lang='lat' dir='ltr'>indolisexipsis</span> <span class='ocrx_word' id='word_1_126' title='bbox 1023 2003 1061 2064; x_wconf 91' lang='lat' dir='ltr'>ab</span> <span class='ocrx_word' id='word_1_127' title='bbox 1074 1997 1239 2063; x_wconf 87' lang='lat' dir='ltr'>Athenaeo</span> <span class='ocrx_word' id='word_1_128' title='bbox 1252 2000 1328 2060; x_wconf 89' lang='lat' dir='ltr'>alla-</span> <span class='ocrx_word' id='word_1_129' title='bbox 1455 2028 1456 2064; x_wconf 79' lang='lat' dir='ltr'>t</span> 
     </span>
     <span class='ocr_line' id='line_1_18' title="bbox 284 2092 1457 2198; baseline 0.011 -43"><span class='ocrx_word' id='word_1_130' title='bbox 284 2092 324 2156; x_wconf 89' lang='lat' dir='ltr'>tis</span> <span class='ocrx_word' id='word_1_131' title='bbox 338 2098 428 2160; x_wconf 92' lang='lat' dir='ltr'>rebus</span> <span class='ocrx_word' id='word_1_132' title='bbox 440 2111 572 2184; x_wconf 81' lang='lat' dir='ltr'>apparet.</span> <span class='ocrx_word' id='word_1_133' title='bbox 613 2099 806 2166; x_wconf 88' lang='lat' dir='ltr'>Addendum</span> <span class='ocrx_word' id='word_1_134' title='bbox 824 2115 881 2182; x_wconf 84' lang='lat' dir='ltr'>est,</span> <span class='ocrx_word' id='word_1_135' title='bbox 902 2102 1081 2198; x_wconf 83' lang='lat' dir='ltr'>Erotianum</span> <span class='ocrx_word' id='word_1_136' title='bbox 1098 2102 1128 2162; x_wconf 93' lang='lat' dir='ltr'>in</span> <span class='ocrx_word' id='word_1_137' title='bbox 1144 2101 1235 2180; x_wconf 82' lang='lat' dir='ltr'>gloss.</span> <span class='ocrx_word' id='word_1_138' title='bbox 1247 2094 1329 2185; x_wconf 85' lang='lat' dir='ltr'>Hip-</span> <span class='ocrx_word' id='word_1_139' title='bbox 1456 2146 1457 2168; x_wconf 43' lang='grc' dir='ltr'><strong><em>τ</em></strong></span> 
     </span>
     <span class='ocr_line' id='line_1_19' title="bbox 286 2200 1458 2286; baseline 0.009 -32"><span class='ocrx_word' id='word_1_140' title='bbox 286 2208 411 2281; x_wconf 76' lang='lat' dir='ltr'>porratt.</span> <span class='ocrx_word' id='word_1_141' title='bbox 425 2221 455 2284; x_wconf 90' lang='lat' dir='ltr'>p.</span> <span class='ocrx_word' id='word_1_142' title='bbox 472 2200 545 2264; x_wconf 75' lang='lat'>244.</span> <span class='ocrx_word' id='word_1_143' title='bbox 559 2225 624 2266; x_wconf 91' lang='lat' dir='ltr'>non</span> <span class='ocrx_word' id='word_1_144' title='bbox 636 2204 729 2268; x_wconf 91' lang='lat' dir='ltr'>libros</span> <span class='ocrx_word' id='word_1_145' title='bbox 744 2205 784 2268; x_wconf 84' lang='lat' dir='ltr'>de</span> <span class='ocrx_word' id='word_1_146' title='bbox 795 2205 925 2284; x_wconf 90' lang='lat' dir='ltr'>Dorica,</span> <span class='ocrx_word' id='word_1_147' title='bbox 947 2207 997 2267; x_wconf 89' lang='lat' dir='ltr'>vel</span> <span class='ocrx_word' id='word_1_148' title='bbox 1011 2203 1116 2269; x_wconf 92' lang='lat' dir='ltr'>Ionica</span> <span class='ocrx_word' id='word_1_149' title='bbox 1137 2201 1266 2276; x_wconf 84' lang='lat' dir='ltr'>dialecto</span> <span class='ocrx_word' id='word_1_150' title='bbox 1284 2204 1329 2264; x_wconf 90' lang='lat' dir='ltr'>ci-</span> <span class='ocrx_word' id='word_1_151' title='bbox 1457 2264 1458 2286; x_wconf 20' lang='grc' dir='ltr'>ἶ</span> 
     </span>
    </p>
   </div>
   <div class='ocr_carea' id='block_1_6' title="bbox 260 2299 1336 3613">
    <p class='ocr_par' dir='ltr' id='par_1_7' title="bbox 260 2299 1336 3515">
     <span class='ocr_line' id='line_1_20' title="bbox 287 2299 1329 2391; baseline 0.003 -30"><span class='ocrx_word' id='word_1_152' title='bbox 287 2303 382 2376; x_wconf 76' lang='lat' dir='ltr'>tasse,</span> <span class='ocrx_word' id='word_1_153' title='bbox 412 2299 468 2362; x_wconf 90' lang='lat' dir='ltr'>sed</span> <span class='ocrx_word' id='word_1_154' title='bbox 495 2304 636 2368; x_wconf 85' lang='lat' dir='ltr'>universe</span> <span class='ocrx_word' id='word_1_155' title='bbox 664 2301 929 2391; x_wconf 56' lang='lat' dir='ltr'>„hiprspcdoiqoo</span> <span class='ocrx_word' id='word_1_156' title='bbox 959 2303 1097 2384; x_wconf 77' lang='grc' dir='ltr'><strong><em>λέξεις“,</em></strong></span> <span class='ocrx_word' id='word_1_157' title='bbox 1127 2325 1224 2391; x_wconf 87' lang='lat' dir='ltr'>eaque</span> <span class='ocrx_word' id='word_1_158' title='bbox 1251 2305 1329 2390; x_wconf 89' lang='lat' dir='ltr'>ipsa,</span> 
     </span>
     <span class='ocr_line' id='line_1_21' title="bbox 287 2403 1330 2494; baseline 0.01 -36"><span class='ocrx_word' id='word_1_159' title='bbox 287 2417 365 2482; x_wconf 86' lang='lat' dir='ltr'>quae</span> <span class='ocrx_word' id='word_1_160' title='bbox 381 2405 510 2488; x_wconf 78' lang='lat' dir='ltr'>profert,</span> <span class='ocrx_word' id='word_1_161' title='bbox 530 2406 563 2466; x_wconf 92' lang='lat' dir='ltr'>in</span> <span class='ocrx_word' id='word_1_162' title='bbox 582 2419 685 2470; x_wconf 89' lang='lat' dir='ltr'>nostro</span> <span class='ocrx_word' id='word_1_163' title='bbox 699 2410 855 2491; x_wconf 86' lang='lat' dir='ltr'>Hesychio</span> <span class='ocrx_word' id='word_1_164' title='bbox 868 2409 1009 2494; x_wconf 85' lang='lat' dir='ltr'>reperies.</span> <span class='ocrx_word' id='word_1_165' title='bbox 1052 2403 1147 2486; x_wconf 86' lang='lat' dir='ltr'>Quod</span> <span class='ocrx_word' id='word_1_166' title='bbox 1166 2408 1193 2470; x_wconf 90' lang='lat' dir='ltr'>si</span> <span class='ocrx_word' id='word_1_167' title='bbox 1210 2408 1254 2469; x_wconf 87' lang='lat' dir='ltr'>ita</span> <span class='ocrx_word' id='word_1_168' title='bbox 1273 2419 1330 2486; x_wconf 85' lang='lat' dir='ltr'>est,</span> 
     </span>
     <span class='ocr_line' id='line_1_22' title="bbox 287 2503 1332 2599; baseline 0.011 -39"><span class='ocrx_word' id='word_1_169' title='bbox 287 2509 396 2582; x_wconf 86' lang='lat' dir='ltr'>otest,</span> <span class='ocrx_word' id='word_1_170' title='bbox 417 2503 586 2591; x_wconf 87' lang='lat' dir='ltr'>Ephesium</span> <span class='ocrx_word' id='word_1_171' title='bbox 608 2514 830 2599; x_wconf 82' lang='lat' dir='ltr'>geographurn,</span> <span class='ocrx_word' id='word_1_172' title='bbox 853 2533 871 2573; x_wconf 88' lang='lat' dir='ltr'>a</span> <span class='ocrx_word' id='word_1_173' title='bbox 891 2509 1041 2574; x_wconf 89' lang='lat' dir='ltr'>Strabone</span> <span class='ocrx_word' id='word_1_174' title='bbox 1061 2531 1153 2595; x_wconf 89' lang='lat' dir='ltr'>saepe</span> <span class='ocrx_word' id='word_1_175' title='bbox 1173 2507 1332 2572; x_wconf 90' lang='lat' dir='ltr'>laudatum</span> 
     </span>
     <span class='ocr_line' id='line_1_23' title="bbox 287 2609 1333 2699; baseline 0.004 -30"><span class='ocrx_word' id='word_1_176' title='bbox 287 2609 501 2684; x_wconf 82' lang='lat' dir='ltr'>grammaticae</span> <span class='ocrx_word' id='word_1_177' title='bbox 524 2613 579 2673; x_wconf 90' lang='lat' dir='ltr'>arti</span> <span class='ocrx_word' id='word_1_178' title='bbox 605 2635 732 2699; x_wconf 87' lang='lat' dir='ltr'>operam</span> <span class='ocrx_word' id='word_1_179' title='bbox 749 2635 880 2680; x_wconf 86' lang='lat' dir='ltr'>navasse</span> <span class='ocrx_word' id='word_1_180' title='bbox 899 2610 1084 2676; x_wconf 89' lang='lat' dir='ltr'>sumendum</span> <span class='ocrx_word' id='word_1_181' title='bbox 1103 2624 1164 2690; x_wconf 87' lang='lat' dir='ltr'>est,</span> <span class='ocrx_word' id='word_1_182' title='bbox 1193 2612 1278 2698; x_wconf 90' lang='lat' dir='ltr'>quod</span> <span class='ocrx_word' id='word_1_183' title='bbox 1296 2625 1333 2674; x_wconf 88' lang='lat' dir='ltr'>ut</span> 
     </span>
     <span class='ocr_line' id='line_1_24' title="bbox 288 2713 1333 2800; baseline 0.004 -28"><span class='ocrx_word' id='word_1_184' title='bbox 288 2715 355 2772; x_wconf 83' lang='lat' dir='ltr'>tum</span> <span class='ocrx_word' id='word_1_185' title='bbox 378 2722 463 2774; x_wconf 79' lang='lat' dir='ltr'>erant</span> <span class='ocrx_word' id='word_1_186' title='bbox 479 2723 633 2800; x_wconf 87' lang='lat' dir='ltr'>tempora,</span> <span class='ocrx_word' id='word_1_187' title='bbox 654 2728 725 2800; x_wconf 90' lang='lat' dir='ltr'>post</span> <span class='ocrx_word' id='word_1_188' title='bbox 740 2715 947 2780; x_wconf 84' lang='lat' dir='ltr'>Eratosthenis</span> <span class='ocrx_word' id='word_1_189' title='bbox 964 2713 1062 2778; x_wconf 86' lang='lat' dir='ltr'>studia</span> <span class='ocrx_word' id='word_1_190' title='bbox 1078 2714 1205 2776; x_wconf 90' lang='lat' dir='ltr'>minime</span> <span class='ocrx_word' id='word_1_191' title='bbox 1216 2714 1333 2776; x_wconf 90' lang='lat' dir='ltr'>miran-</span> 
     </span>
     <span class='ocr_line' id='line_1_25' title="bbox 290 2806 1332 2902; baseline 0.009 -32"><span class='ocrx_word' id='word_1_192' title='bbox 290 2806 365 2874; x_wconf 89' lang='lat' dir='ltr'>dum</span> <span class='ocrx_word' id='word_1_193' title='bbox 381 2825 436 2876; x_wconf 80' lang='lat' dir='ltr'>est.</span> <span class='ocrx_word' id='word_1_194' title='bbox 479 2817 581 2898; x_wconf 87' lang='lat' dir='ltr'>Heyn.</span> <span class='ocrx_word' id='word_1_195' title='bbox 600 2817 639 2880; x_wconf 86' lang='lat' dir='ltr'>de</span> <span class='ocrx_word' id='word_1_196' title='bbox 659 2840 726 2898; x_wconf 84' lang='lat' dir='ltr'>gen.</span> <span class='ocrx_word' id='word_1_197' title='bbox 748 2815 968 2882; x_wconf 76' lang='lat' dir='ltr'>saeoPtolern.</span> <span class='ocrx_word' id='word_1_198' title='bbox 985 2816 1018 2876; x_wconf 92' lang='lat' dir='ltr'>in</span> <span class='ocrx_word' id='word_1_199' title='bbox 1038 2816 1153 2901; x_wconf 88' lang='lat' dir='ltr'>Opusc.</span> <span class='ocrx_word' id='word_1_200' title='bbox 1172 2815 1204 2894; x_wconf 90' lang='lat'>1,</span> <span class='ocrx_word' id='word_1_201' title='bbox 1226 2839 1257 2902; x_wconf 94' lang='lat' dir='ltr'>p.</span> <span class='ocrx_word' id='word_1_202' title='bbox 1280 2821 1332 2882; x_wconf 82' lang='lat'>99.</span> 
     </span>
     <span class='ocr_line' id='line_1_26' title="bbox 289 2907 1335 3007; baseline 0.011 -35"><span class='ocrx_word' id='word_1_203' title='bbox 289 2907 415 2995; x_wconf 91' lang='lat' dir='ltr'>Ephesii</span> <span class='ocrx_word' id='word_1_204' title='bbox 432 2929 562 2982; x_wconf 86' lang='lat' dir='ltr'>aetatem</span> <span class='ocrx_word' id='word_1_205' title='bbox 581 2942 651 2984; x_wconf 92' lang='lat' dir='ltr'>cum</span> <span class='ocrx_word' id='word_1_206' title='bbox 673 2933 859 3007; x_wconf 87' lang='lat' dir='ltr'>compertam</span> <span class='ocrx_word' id='word_1_207' title='bbox 881 2922 1064 2995; x_wconf 83' lang='lat' dir='ltr'>habeamus,</span> <span class='ocrx_word' id='word_1_208' title='bbox 1090 2916 1123 2980; x_wconf 93' lang='lat' dir='ltr'>id</span> <span class='ocrx_word' id='word_1_209' title='bbox 1143 2920 1255 2982; x_wconf 88' lang='lat' dir='ltr'>rationi</span> <span class='ocrx_word' id='word_1_210' title='bbox 1274 2943 1335 2983; x_wconf 93' lang='lat' dir='ltr'>no-</span> 
     </span>
     <span class='ocr_line' id='line_1_27' title="bbox 290 3017 1336 3105; baseline 0.012 -34"><span class='ocrx_word' id='word_1_211' title='bbox 290 3021 369 3074; x_wconf 85' lang='lat' dir='ltr'>strae</span> <span class='ocrx_word' id='word_1_212' title='bbox 385 3017 483 3094; x_wconf 85' lang='lat' dir='ltr'>favet,</span> <span class='ocrx_word' id='word_1_213' title='bbox 511 3020 594 3103; x_wconf 90' lang='lat' dir='ltr'>quod</span> <span class='ocrx_word' id='word_1_214' title='bbox 614 3024 825 3103; x_wconf 79' lang='lat' dir='ltr'>grammaticus</span> <span class='ocrx_word' id='word_1_215' title='bbox 843 3023 922 3084; x_wconf 84' lang='lat' dir='ltr'>inter</span> <span class='ocrx_word' id='word_1_216' title='bbox 939 3018 1184 3105; x_wconf 87' lang='lat' dir='ltr'>Aristophaneos</span> <span class='ocrx_word' id='word_1_217' title='bbox 1204 3041 1336 3084; x_wconf 59' lang='lat' dir='ltr'>eumne</span> 
     </span>
     <span class='ocr_line' id='line_1_28' title="bbox 291 3117 1335 3204; baseline 0.014 -32"><span class='ocrx_word' id='word_1_218' title='bbox 291 3122 386 3193; x_wconf 89' lang='lat' dir='ltr'>ratur,</span> <span class='ocrx_word' id='word_1_219' title='bbox 408 3119 460 3178; x_wconf 84' lang='lat' dir='ltr'>csr.</span> <span class='ocrx_word' id='word_1_220' title='bbox 474 3117 575 3184; x_wconf 87' lang='lat' dir='ltr'>Ukert.</span> <span class='ocrx_word' id='word_1_221' title='bbox 590 3118 701 3204; x_wconf 83' lang='lat' dir='ltr'>Geogr.</span> <span class='ocrx_word' id='word_1_222' title='bbox 716 3121 746 3186; x_wconf 90' lang='lat' dir='ltr'>d.</span> <span class='ocrx_word' id='word_1_223' title='bbox 760 3120 880 3186; x_wconf 92' lang='lat' dir='ltr'>Griech.</span> <span class='ocrx_word' id='word_1_224' title='bbox 894 3145 925 3184; x_wconf 90' lang='lat' dir='ltr'>u.</span> <span class='ocrx_word' id='word_1_225' title='bbox 939 3121 1032 3186; x_wconf 78' lang='lat' dir='ltr'>Rom.</span> <span class='ocrx_word' id='word_1_226' title='bbox 1053 3121 1084 3200; x_wconf 93' lang='lat' dir='ltr'>I,</span> <span class='ocrx_word' id='word_1_227' title='bbox 1109 3122 1180 3187; x_wconf 83' lang='lat'>156.</span> <span class='ocrx_word' id='word_1_228' title='bbox 1202 3123 1335 3188; x_wconf 87' lang='lat' dir='ltr'>Vossius</span> 
     </span>
     <span class='ocr_line' id='line_1_29' title="bbox 292 3209 1335 3310; baseline 0.014 -35"><span class='ocrx_word' id='word_1_229' title='bbox 292 3209 332 3276; x_wconf 90' lang='lat' dir='ltr'>de</span> <span class='ocrx_word' id='word_1_230' title='bbox 352 3215 458 3280; x_wconf 87' lang='lat' dir='ltr'>histor.</span> <span class='ocrx_word' id='word_1_231' title='bbox 479 3217 530 3282; x_wconf 90' lang='lat' dir='ltr'>Gr.</span> <span class='ocrx_word' id='word_1_232' title='bbox 554 3244 584 3306; x_wconf 91' lang='lat' dir='ltr'>p.</span> <span class='ocrx_word' id='word_1_233' title='bbox 602 3227 683 3301; x_wconf 70' lang='lat'>130,</span> <span class='ocrx_word' id='word_1_234' title='bbox 708 3223 785 3301; x_wconf 83' lang='lat'>143,</span> <span class='ocrx_word' id='word_1_235' title='bbox 807 3225 859 3308; x_wconf 85' lang='lat' dir='ltr'>qni</span> <span class='ocrx_word' id='word_1_236' title='bbox 880 3236 984 3288; x_wconf 89' lang='lat' dir='ltr'>tamen</span> <span class='ocrx_word' id='word_1_237' title='bbox 1002 3227 1102 3310; x_wconf 89' lang='lat' dir='ltr'>plures</span> <span class='ocrx_word' id='word_1_238' title='bbox 1116 3222 1335 3290; x_wconf 86' lang='lat' dir='ltr'>Artemidoros</span> 
     </span>
     <span class='ocr_line' id='line_1_30' title="bbox 290 3318 1335 3412; baseline 0.013 -34"><span class='ocrx_word' id='word_1_239' title='bbox 290 3318 410 3382; x_wconf 92' lang='lat' dir='ltr'>miscuit</span> <span class='ocrx_word' id='word_1_240' title='bbox 425 3319 562 3386; x_wconf 87' lang='lat' dir='ltr'>diversos</span> <span class='ocrx_word' id='word_1_241' title='bbox 576 3335 606 3386; x_wconf 90' lang='lat' dir='ltr'>et</span> <span class='ocrx_word' id='word_1_242' title='bbox 624 3323 740 3388; x_wconf 85' lang='lat' dir='ltr'>Fabric.</span> <span class='ocrx_word' id='word_1_243' title='bbox 757 3323 838 3388; x_wconf 90' lang='lat' dir='ltr'>Bibl.</span> <span class='ocrx_word' id='word_1_244' title='bbox 852 3323 912 3394; x_wconf 78' lang='lat' dir='ltr'>Gr.</span> <span class='ocrx_word' id='word_1_245' title='bbox 924 3326 986 3406; x_wconf 92' lang='lat' dir='ltr'>lV,</span> <span class='ocrx_word' id='word_1_246' title='bbox 1010 3349 1035 3388; x_wconf 88' lang='lat' dir='ltr'>c.</span> <span class='ocrx_word' id='word_1_247' title='bbox 1050 3325 1145 3405; x_wconf 88' lang='grc' dir='ltr'><strong>ΧΙΠ,</strong></span> <span class='ocrx_word' id='word_1_248' title='bbox 1167 3329 1220 3412; x_wconf 86' lang='lat' dir='ltr'>qui</span> <span class='ocrx_word' id='word_1_249' title='bbox 1233 3327 1335 3394; x_wconf 85' lang='lat' dir='ltr'>Asca-</span> 
     </span>
     <span class='ocr_line' id='line_1_31' title="bbox 260 3421 1183 3515; baseline 0.009 -29"><span class='ocrx_word' id='word_1_250' title='bbox 260 3473 263 3477; x_wconf 84' lang='lat'>.</span> <span class='ocrx_word' id='word_1_251' title='bbox 290 3421 425 3503; x_wconf 85' lang='lat' dir='ltr'>lonitam,</span> <span class='ocrx_word' id='word_1_252' title='bbox 445 3426 631 3505; x_wconf 87' lang='lat' dir='ltr'>historicmn,</span> <span class='ocrx_word' id='word_1_253' title='bbox 648 3427 755 3488; x_wconf 91' lang='lat' dir='ltr'>iniuria</span> <span class='ocrx_word' id='word_1_254' title='bbox 769 3430 999 3507; x_wconf 85' lang='lat' dir='ltr'>grammaticum</span> <span class='ocrx_word' id='word_1_255' title='bbox 1012 3431 1183 3515; x_wconf 72' lang='lat' dir='ltr'>appellavit.</span> 
     </span>
    </p>

    <p class='ocr_par' dir='ltr' id='par_1_8' title="bbox 375 3524 1335 3613">
     <span class='ocr_line' id='line_1_32' title="bbox 375 3524 1335 3613; baseline 0.013 -26"><span class='ocrx_word' id='word_1_256' title='bbox 375 3524 442 3588; x_wconf 90' lang='lat' dir='ltr'>Iam</span> <span class='ocrx_word' id='word_1_257' title='bbox 453 3550 548 3613; x_wconf 91' lang='lat' dir='ltr'>quum</span> <span class='ocrx_word' id='word_1_258' title='bbox 567 3552 606 3592; x_wconf 87' lang='lat' dir='ltr'>ex</span> <span class='ocrx_word' id='word_1_259' title='bbox 623 3527 787 3592; x_wconf 87' lang='lat' dir='ltr'>Athenaeo</span> <span class='ocrx_word' id='word_1_260' title='bbox 805 3543 914 3592; x_wconf 88' lang='lat' dir='ltr'>notum</span> <span class='ocrx_word' id='word_1_261' title='bbox 933 3531 988 3610; x_wconf 92' lang='lat' dir='ltr'>sit,</span> <span class='ocrx_word' id='word_1_262' title='bbox 1013 3529 1202 3594; x_wconf 85' lang='lat' dir='ltr'>Artemidori</span> <span class='ocrx_word' id='word_1_263' title='bbox 1222 3534 1335 3598; x_wconf 86' lang='lat' dir='ltr'>librum</span> 
     </span>
    </p>
   </div>
   <div class='ocr_carea' id='block_1_7' title="bbox 291 3625 1336 4128">
    <p class='ocr_par' dir='ltr' id='par_1_9' title="bbox 291 3625 1336 4128">
     <span class='ocr_line' id='line_1_33' title="bbox 291 3625 1335 3722; baseline 0.009 -32"><span class='ocrx_word' id='word_1_264' title='bbox 291 3643 359 3690; x_wconf 78' lang='lat' dir='ltr'>esse</span> <span class='ocrx_word' id='word_1_265' title='bbox 377 3646 396 3686; x_wconf 90' lang='lat' dir='ltr'>a</span> <span class='ocrx_word' id='word_1_266' title='bbox 415 3625 576 3716; x_wconf 84' lang='lat' dir='ltr'>Pamphilo</span> <span class='ocrx_word' id='word_1_267' title='bbox 595 3643 771 3717; x_wconf 81' lang='lat' dir='ltr'>usurpaonn</span> <span class='ocrx_word' id='word_1_268' title='bbox 790 3645 820 3694; x_wconf 94' lang='lat' dir='ltr'>et</span> <span class='ocrx_word' id='word_1_269' title='bbox 836 3654 876 3694; x_wconf 84' lang='lat' dir='ltr'>ex</span> <span class='ocrx_word' id='word_1_270' title='bbox 891 3644 975 3717; x_wconf 92' lang='lat' dir='ltr'>parte</span> <span class='ocrx_word' id='word_1_271' title='bbox 990 3635 1186 3698; x_wconf 77' lang='lat' dir='ltr'>exhaustum:</span> <span class='ocrx_word' id='word_1_272' title='bbox 1207 3656 1244 3698; x_wconf 87' lang='lat' dir='ltr'>ea</span> <span class='ocrx_word' id='word_1_273' title='bbox 1257 3659 1335 3722; x_wconf 88' lang='lat' dir='ltr'>quo-</span> 
     </span>
     <span class='ocr_line' id='line_1_34' title="bbox 291 3733 1336 3817; baseline 0.017 -33"><span class='ocrx_word' id='word_1_274' title='bbox 291 3743 367 3806; x_wconf 90' lang='lat' dir='ltr'>que,</span> <span class='ocrx_word' id='word_1_275' title='bbox 388 3747 467 3810; x_wconf 90' lang='lat' dir='ltr'>quae</span> <span class='ocrx_word' id='word_1_276' title='bbox 483 3734 522 3794; x_wconf 91' lang='lat' dir='ltr'>ab</span> <span class='ocrx_word' id='word_1_277' title='bbox 542 3733 608 3800; x_wconf 87' lang='lat' dir='ltr'>aliis</span> <span class='ocrx_word' id='word_1_278' title='bbox 626 3754 665 3794; x_wconf 86' lang='lat' dir='ltr'>ex</span> <span class='ocrx_word' id='word_1_279' title='bbox 681 3741 721 3796; x_wconf 88' lang='lat' dir='ltr'>&#39;eo</span> <span class='ocrx_word' id='word_1_280' title='bbox 742 3733 915 3812; x_wconf 88' lang='lat' dir='ltr'>laudantur,</span> <span class='ocrx_word' id='word_1_281' title='bbox 934 3733 966 3796; x_wconf 86' lang='lat' dir='ltr'>iu</span> <span class='ocrx_word' id='word_1_282' title='bbox 981 3736 1137 3817; x_wconf 87' lang='lat' dir='ltr'>Hesychio</span> <span class='ocrx_word' id='word_1_283' title='bbox 1160 3736 1262 3802; x_wconf 86' lang='lat' dir='ltr'>adsint</span> <span class='ocrx_word' id='word_1_284' title='bbox 1279 3760 1336 3802; x_wconf 88' lang='lat' dir='ltr'>ne-</span> 
     </span>
     <span class='ocr_line' id='line_1_35' title="bbox 293 3827 1335 3915; baseline 0.019 -29"><span class='ocrx_word' id='word_1_285' title='bbox 293 3847 377 3888; x_wconf 89' lang='lat' dir='ltr'>cesse</span> <span class='ocrx_word' id='word_1_286' title='bbox 390 3841 444 3893; x_wconf 87' lang='lat' dir='ltr'>est.</span> <span class='ocrx_word' id='word_1_287' title='bbox 471 3830 630 3896; x_wconf 85' lang='lat' dir='ltr'>Erotianus</span> <span class='ocrx_word' id='word_1_288' title='bbox 647 3833 736 3914; x_wconf 80' lang='lat' dir='ltr'>igitur</span> <span class='ocrx_word' id='word_1_289' title='bbox 753 3838 774 3898; x_wconf 88' lang='lat' dir='ltr'>l.</span> <span class='ocrx_word' id='word_1_290' title='bbox 795 3839 815 3898; x_wconf 95' lang='lat' dir='ltr'>l.</span> <span class='ocrx_word' id='word_1_291' title='bbox 838 3827 985 3912; x_wconf 77' lang='lat' dir='ltr'>„Arintov</span> <span class='ocrx_word' id='word_1_292' title='bbox 1006 3832 1163 3912; x_wconf 70' lang='lat' dir='ltr'>dirivavit,</span> <span class='ocrx_word' id='word_1_293' title='bbox 1184 3832 1230 3915; x_wconf 73' lang='lat' dir='ltr'>oie</span> <span class='ocrx_word' id='word_1_294' title='bbox 1257 3835 1335 3907; x_wconf 82' lang='grc' dir='ltr'>Θεό-</span> 
     </span>
     <span class='ocr_line' id='line_1_36' title="bbox 292 3926 1336 4032; baseline 0.016 -41"><span class='ocrx_word' id='word_1_295' title='bbox 292 3947 423 4011; x_wconf 77' lang='grc' dir='ltr'><strong><em>πομπος</em></strong></span> <span class='ocrx_word' id='word_1_296' title='bbox 450 3929 485 3995; x_wconf 81' lang='grc' dir='ltr'>ἐν</span> <span class='ocrx_word' id='word_1_297' title='bbox 511 3926 683 4020; x_wconf 75' lang='grc' dir='ltr'><strong><em>Ὀδυσσείᾳ</em></strong></span> <span class='ocrx_word' id='word_1_298' title='bbox 710 3932 767 4000; x_wconf 77' lang='grc' dir='ltr'>καὶ</span> <span class='ocrx_word' id='word_1_299' title='bbox 792 3930 1026 4020; x_wconf 71' lang='grc' dir='ltr'><strong><em>Ἀρτεμίδωρος</em></strong></span> <span class='ocrx_word' id='word_1_300' title='bbox 1058 3933 1336 4032; x_wconf 29' lang='grc' dir='ltr'>ὁιγραμματικὸς</span> 
     </span>
     <span class='ocr_line' id='line_1_37' title="bbox 292 4025 1333 4128; baseline 0.01 -28"><span class='ocrx_word' id='word_1_301' title='bbox 292 4025 328 4100; x_wconf 78' lang='grc' dir='ltr'>ἐν</span> <span class='ocrx_word' id='word_1_302' title='bbox 349 4035 420 4109; x_wconf 71' lang='grc' dir='ltr'><strong><em>ταῖς</em></strong></span> <span class='ocrx_word' id='word_1_303' title='bbox 442 4029 544 4112; x_wconf 59' lang='lat' dir='ltr'>tigoni</span> <span class='ocrx_word' id='word_1_304' title='bbox 565 4051 655 4118; x_wconf 80' lang='grc' dir='ltr'><strong><em>φησι,</em></strong></span> <span class='ocrx_word' id='word_1_305' title='bbox 678 4038 796 4124; x_wconf 72' lang='grc' dir='ltr'><strong><em>λινοῦν</em></strong></span> <span class='ocrx_word' id='word_1_306' title='bbox 818 4033 906 4122; x_wconf 82' lang='grc' dir='ltr'><strong><em>ὕφος</em></strong></span> <span class='ocrx_word' id='word_1_307' title='bbox 935 4036 1019 4106; x_wconf 73' lang='grc' dir='ltr'><em>δασύ</em></span> <span class='ocrx_word' id='word_1_308' title='bbox 1051 4035 1154 4108; x_wconf 72' lang='grc' dir='ltr'><strong><em>εὗνατ“</em></strong></span> <span class='ocrx_word' id='word_1_309' title='bbox 1197 4046 1333 4128; x_wconf 86' lang='lat' dir='ltr'>Hesych.</span> 
     </span>
    </p>
   </div>
   <div class='ocr_carea' id='block_1_8' title="bbox 0 0 1486 4806">
    <p class='ocr_par' dir='ltr' id='par_1_10' title="bbox 0 0 1486 4806">
     <span class='ocr_line' id='line_1_38' title="bbox 0 0 1486 4806; baseline 0 0"><span class='ocrx_word' id='word_1_310' title='bbox 0 0 1486 4806; x_wconf 95' lang='lat' dir='ltr'> </span> 
     </span>
    </p>
   </div>
  </div>
 </body>
</html>
