2894 4816
124 545 229 598 tantur
239 527 272 595 in
285 530 442 618 Stephano
452 527 633 613 Byzantina,
656 529 705 592 cui
719 528 752 592 in
768 547 846 594 voce
859 526 1018 606 Χολλίδμι
1029 526 1167 594 laudatur

70 645 76 652 ·
123 635 282 716 Diogenes
314 627 354 713 „6
373 627 551 717 Λαερτιεΰς
569 625 606 696 ἐν
627 624 767 716 δευτέρῳ
788 625 980 716 φιλοσόφον
1000 630 1167 714 laepia&

123 739 219 823 „qui
232 737 358 826 locus,“
389 737 431 798 ait
459 733 614 798 Fabricius
638 733 751 813 „nisit
775 745 945 819 corruptus,
974 735 1166 804 Ladrtiuma

122 840 221 924 patria
241 837 355 902 dictum
376 857 459 917 esse,
483 859 553 900 cum
572 835 645 900 viris
669 833 852 898 doctissimis
871 836 948 898 mibi
965 836 1166 922 persuadeo.“

122 940 170 1004 Aa
195 938 289 1002 idem
322 939 476 1004 Fabricius
509 938 605 1002 modo
633 937 769 1018 dixerat,
812 928 944 1002 eundem
977 933 1166 1022 Stephanuip

122 1043 156 1105 in
186 1038 336 1125 Λαέτρης
376 1041 439 1104 duo
476 1039 688 1104 tantummodo
721 1039 847 1114 nomina
884 1041 1092 1124 patronymica
1126 1045 1165 1118 ab

111 1148 182 1208 bac
217 1147 293 1208 urbe
327 1145 451 1222 efferre,
485 1145 667 1224 Λατοτῖνος
691 1153 722 1204 et
747 1135 931 1221 Λαέρτιος,
964 1152 996 1202 et
1025 1142 1166 1210 ultima

122 1246 199 1310 illud
229 1248 394 1327 elegantius
432 1246 491 1310 dici
525 1243 725 1308 contendisse.
783 1241 847 1323 Qui
879 1255 983 1306 autem
1014 1243 1082 1330 ipss
1106 1265 1166 1330 po-
1220 1287 1226 1292 -

112 1351 180 1412 tuit
194 1351 253 1412 alio
271 1351 315 1410 uti
329 1350 539 1436 patronymico
556 1329 759 1427 Ᾱατοττούςῖ
783 1347 959 1431 praesertim
972 1369 1067 1431 quum
1084 1370 1109 1412 s.
1133 1363 1165 1414 a.

122 1451 271 1533 Apuliae
283 1453 410 1516 nomine
421 1445 583 1533 Λαέμττος
597 1471 670 1514 usus
687 1459 776 1512 esset.
819 1443 908 1536 Quid!
918 1460 1015 1510 cetera
1028 1468 1164 1518 comme.-

121 1554 265 1618 morem?
307 1551 361 1616 Ab
378 1553 537 1618 Eustatbio
556 1564 682 1617 vocatur
705 1544 853 1633 Λαέρτης
860 1571 870 1624 3
902 1571 1002 1636 nsque
1023 1552 1164 1639 illepidus

124 1658 397 1734 esteommlusus,
419 1657 471 1740 qui
490 1655 619 1718 Homeri
639 1673 763 1718 versum
784 1649 961 1734 ,Διογενὲς
977 1651 1164 1740 Λαερτιάδη

109 1750 330 1840 Ιπολυμήχαν’
352 1752 531 1822 'oteness‘
555 1765 775 1840 compararunt.
817 1752 854 1816 In
868 1755 1111 1841 inscriptionibus
1126 1780 1165 1822 cx

109 1861 256 1942 ..Augusti
268 1883 346 1925 aevo
367 1870 522 1946 comparet
534 1855 574 1937 Q.
592 1855 742 1933 Lairtius,
764 1875 812 1940 ap.
827 1851 944 1920 Gruter.
966 1879 997 1942 p.
1009 1863 1091 1938 299,
1129 1861 1164 1930 Ο,

123 1964 259 2028 La‘e'rtius
273 1963 454 2026 Sabinianus
468 1959 551 2046 apud
564 1958 589 2022 F
591 1961 740 2022 abrettum
755 1956 865 2043 pret.
886 1958 1054 2024 Nomimun
1068 1973 1165 2030 bans

122 2067 234 2154 positio
256 2061 435 2147 „Antiquior
457 2057 639 2145 Διογένης“
658 2083 722 2131 non
743 2060 827 2122 aliter
841 2058 963 2141 araur,
984 2064 1088 2136 nisius
1101 2068 1165 2132 Ne.

122 2190 180 2256 pos
198 2168 377 2260 Comelius,
390 2165 513 2253 Crispus
527 2163 683 2226 Salustius.
726 2162 811 2226 Nihil
825 2174 872 2226 est
892 2165 990 2245 igitur,
1011 2168 1094 2254 quod
1104 2193 1164 2234 no.

65 2327 69 2344 ,
108 2283 200 2336 strae
212 2273 401 2334 coniecturae
414 2271 523 2332 obstet.
545 2265 602 2329 ‚lta
614 2267 716 2339 hercle
730 2266 847 2351 opinor,
871 2288 979 2338 uenam
988 2291 1097 2335 rerum
1107 2293 1164 2338 na.

81 2423 84 2432 .
122 2375 202 2453 scio,
223 2385 258 2436 ut
279 2374 320 2436 ait
340 2371 472 2435 Plautus.
514 2367 635 2431 Frustra
655 2380 759 2430 tamen
776 2368 809 2430 in
835 2389 927 2458 opere
950 2373 1119 2438 nostritoto
1134 2387 1165 2451 et

106 2476 295 2557 singulatim
312 2475 346 2536 in
365 2473 428 2538 vita
452 2470 620 2534 Heraclidis
641 2468 759 2533 Pontici
780 2468 845 2530 eius
869 2471 913 2531 rei
933 2474 1057 2548 certiora
1078 2476 1165 2557 signs

122 2580 266 2663 quaesivi.
308 2575 382 2639 Alia
395 2596 453 2659 nec
467 2585 570 2634 tamen
589 2573 652 2634 ullo
668 2569 842 2634 testimonio
858 2574 975 2641 munita
995 2586 1041 2640 est
1056 2575 1165 2661 Sponii

107 2709 109 2732 τ
122 2681 285 2757 sententia,
307 2680 360 2764 qui
373 2688 450 2742 teste
466 2674 610 2754 Menagio
626 2667 784 2754 Ποταμὸν
796 2674 925 2768 patriam
939 2675 1033 2740 fuisse
1046 2676 1165 2760 Dioge-

108 2783 288 2847 uisLaiirtii
300 2783 334 2844 in
344 2782 451 2844 itinere
465 2800 533 2856 suo,
545 2788 632 2838 tomo
644 2780 685 2853 2,
698 2777 803 2838 nescio
814 2775 897 2838 unde
909 2791 1073 2864 acceperat.
1094 2779 1165 2844 Est·
1244 2853 1247 2859 ,

115 2906 250 2953 nevero
264 2885 391 2946 mutatio
402 2884 480 2946 inter
494 2873 655 2961 Ποταμὸν
667 2889 706 2941 et.
713 2872 849 2945 Πόντον
862 2881 951 2946 orta?
979 2879 1049 2944 Non
1063 2883 1165 2954 credo.

209 2985 388 3048 Dubitatum
399 2996 447 3047 est
462 2969 616 3068 praeterea
635 2980 674 3044 de
692 2993 848 3068 tempore,
870 3003 930 3068 quo
943 2980 1100 3065 Diogenes
1115 2987 1165 3052 ti-

122 3089 183 3167 xit3
205 3086 316 3170 dequo
330 3089 454 3167 longam
466 3084 645 3170 doctamque
659 3083 893 3170 disputationem
906 3087 1022 3172 scripsit
1033 3086 1164 3168 Ionsius,

122 3189 186 3254 Scr.
210 3189 249 3250 H.
271 3187 327 3252 Pb.
349 3188 408 3268 111,
430 3187 511 3268 ΧΠ,
533 3195 563 3254 7.
582 3210 664 3273 seqq.
688 3186 832 3250 simodo
853 3188 918 3250 eius
938 3199 984 3251 est
994 3191 1078 3269 laus,
1099 3211 1164 3253 nos
1232 3187 1236 3194 ’

101 3365 103 3376 ὗ
123 3288 231 3368 Gudii,
253 3302 287 3352 ut
298 3294 414 3354 volunt.
457 3289 642 3374 Quanquam
660 3302 761 3352 autem
777 3292 841 3352 fere
856 3310 964 3352 omnes
979 3291 1011 3354 ei
1026 3311 1164 3354 maenae-

121 3405 205 3470 runt,
228 3413 327 3476 eoque
341 3405 463 3456 auctore
482 3392 639 3456 Ladrtium
656 3413 721 3454 non
741 3389 781 3452 ad
793 3390 982 3454 Hadrianum
999 3391 1164 3475 imperato-

121 3517 207 3572 rem,
234 3493 290 3556 sed
310 3493 350 3554 ad
372 3493 521 3557 Severum
536 3493 636 3576 potius
654 3495 844 3569 rettulemnt,
865 3502 969 3553 tamen
985 3513 1049 3555 non
1061 3495 1165 3556 omniu

104 3639 105 3646 ο
121 3605 300 3678 argumenta
321 3596 364 3656 ita
384 3606 454 3656 sunt
475 3604 662 3677 comparata,
691 3595 775 3656 utin
794 3595 860 3658 eius
878 3596 1058 3658 sententiam
1082 3598 1165 3661 abire

123 3720 276 3780 rogamur.
317 3695 461 3760 Meminit
475 3695 636 3772 Plutarchi,
654 3693 827 3773 Pharorini,
841 3695 982 3775 S'ecundi,
993 3698 1044 3782 qui
1055 3719 1164 3763 omnes

123 3803 200 3864 circa
220 3799 343 3862 Traiani
368 3809 400 3860 et
420 3797 568 3861 Hadriani
592 3808 722 3860 aetatem
740 3795 889 3862 rixertml.
939 3797 1064 3882 Fate0r3
1091 3801 1164 3865 inde

123 3916 225 3968 autem
250 3925 314 3964 non
342 3903 489 3987 scquitrrr,
520 3900 612 3982 Diog.
638 3900 791 3964 Lairtirun
814 3913 893 3989 port
923 3901 999 3968 illoc
1024 3903 1164 3978 vixisre3

58 4049 67 4066 .
123 4007 227 4070 rivere
243 4004 412 4068 enimcum
431 4005 504 4082 illis,
531 4015 602 4089 post
621 4025 675 4067 eos
695 4005 826 4068 scribere
843 4006 950 4091 potuit.
993 4006 1080 4068 Vixit
1094 4015 1166 4090 post

124 4106 250 4172 Sextrun
275 4105 462 4191 Empirirum
491 4107 614 4190 eiusque
643 4104 836 4208 discipulum,
850 4107 1058 4184 Saturninum,
1094 4105 1164 4188 quia
