2894 4816
265 351 377 454 n,-

265 520 428 586 shrdioso“
458 533 526 586 cett.
577 521 718 608 Reliqua,
744 523 829 606 'quoe
856 519 946 599 dixit,
976 541 1144 606 apponere,
1175 535 1313 586 nonest

265 624 327 686 mei
353 622 463 704 officii3
492 625 624 690 breviter
645 626 749 688 omnia
772 635 804 687 et
824 625 976 710 praeclare
994 622 1052 684 Vir
1077 617 1312 706 servierimus

265 728 414 814 exposuit.
457 726 563 811 Neque
578 739 680 788 tamen
692 725 836 790 Albertus
855 736 1012 812 propterea
1026 745 1080 787 sua
1096 723 1187 787 laude
1199 727 1311 810 privari

266 828 366 893 debet.
409 825 534 892 Isenim
554 828 620 914 ipse
644 839 805 914 antequam
818 826 950 890 Bentleii
967 847 1045 910 quae
1059 829 1149 889 fuerit
1160 829 1310 890 sententia

265 933 369 1010 sciret,
390 932 422 993 in
436 931 564 994 Miscell.
582 927 734 996 Observv.
755 931 828 993 Vol.
845 929 907 1007 IV,
928 939 1004 990 tom.
1022 928 1068 1007 Π,
1090 952 1120 1015 p.
1135 935 1206 994 tris.
1229 933 1310 992 etin
1436 923 1438 934 '

265 1036 390 1120 praelat.
404 1031 444 1097 ed
459 1035 583 1115 glossar.
597 1029 635 1094 N.
651 1031 689 1094 T.
700 1031 785 1096 idem
804 1053 873 1096 sese
892 1031 1002 1094 sentire
1022 1035 1192 1118 professus,
1215 1053 1310 1117 qutun

180 1141 182 1148 ’
265 1127 496 1217 Hesychienum
518 1134 639 1196 lexicon
660 1133 778 1213 ederet,
800 1137 893 1220 praef.
918 1154 949 1217 p.
972 1131 1028 1196 lV.
1058 1135 1133 1196 tanti
1156 1136 1213 1199 riri
1235 1156 1311 1197 con-

265 1257 390 1300 sensum
401 1239 467 1300 iure
482 1256 540 1297 suo
554 1236 613 1299 sibi
637 1237 775 1315 grattderi
794 1246 926 1321 poterat:
948 1237 1125 1322 praesertim
1138 1258 1231 1322 quum
1250 1259 1311 1300 no-

265 1357 321 1400 vos
344 1337 410 1423 ipse
428 1349 459 1400 et
471 1359 490 1399 a
500 1335 641 1402 Bentleio
654 1337 828 1423 praeteritas
843 1338 975 1402 rationes
989 1337 1163 1403 addidisset.
1206 1337 1310 1419 Quare

265 1436 364 1502 Nicol.
385 1438 550 1504 Schotuius
572 1439 605 1502 in
623 1441 749 1526 praefat.
779 1436 820 1500 ed
840 1440 915 1503 Hes.
937 1443 996 1504 lex.
1017 1464 1048 1528 p.
1070 1441 1125 1505 VI.
1154 1439 1228 1504 dum
1251 1443 1310 1505 soli
1436 1485 1437 1526 ,

265 1537 406 1605 Bentleio
424 1542 515 1605 huius
543 1537 586 1606 rei
611 1540 735 1606 laudem
753 1538 864 1620 defert,
891 1542 1029 1608 iniustius
1049 1545 1126 1608 mihi
1154 1566 1243 1627 ogere
1261 1545 1310 1610 vi-
1436 1559 1437 1580 ²

265 1639 362 1707 detur.

349 1747 417 1810 Hac
436 1767 469 1810 re
493 1747 644 1834 exposito,
667 1769 762 1833 quum
782 1746 954 1828 Bentleius,
976 1753 1086 1813 multos
1105 1770 1172 1814 esse
1192 1749 1225 1812 in
1244 1749 1309 1812 He-
1438 1807 1439 1830 ,

264 1849 372 1930 sychio
402 1853 518 1930 glossas
541 1851 672 1937 spurias,
703 1851 898 1930 ostendisset,
931 1864 1085 1938 praeterea
1109 1853 1147 1916 iis
1179 1874 1308 1938 quoque,
1438 1857 1439 1894 l

265 1949 317 2035 qui
335 1952 598 2038 interpolatorihus
619 1955 692 2017 solis
708 1954 782 2016 titia
799 1951 932 2016 admissa
946 1975 1014 2017 esse
1028 1953 1229 2034 crediderent,
1251 1952 1308 2015 ad·
1438 1979 1439 1986 ¹

264 2064 400 2116 versatus
411 2065 473 2134 est;
495 2075 661 2139 eorumque
676 2055 793 2141 impetu
812 2076 949 2141 represso
970 2057 1071 2142 ipsmn
1098 2059 1166 2122 libri
1182 2057 1309 2144 scripto-

265 2171 331 2214 rem
351 2154 554 2238 reprehendit.
607 2152 675 2218 Iam
695 2168 765 2219 ante
784 2153 958 2220 Bentleium
977 2171 1079 2222 autem
1097 2163 1230 2240 fuerant,
1259 2159 1310 2246 qui

264 2252 359 2338 ipsius
378 2258 507 2320 auctoris
525 2270 648 2344 peccatu
667 2259 903 2344 suspicarentur,
946 2261 1003 2326 sed
1016 2263 1073 2324 rari
1086 2261 1309 2340 tantummodo,

266 2365 297 2418 et
316 2377 408 2442 saepe
426 2355 499 2441 quid
518 2361 679 2441 sentirent,
699 2364 803 2448 paucis
825 2375 855 2425 ot
873 2364 1010 2427 ‘obscuris
1032 2361 1133 2429 verbis
1147 2362 1308 2426 dicendum
1438 2427 1439 2430 ,

264 2457 329 2520 rati.
371 2457 495 2524 Acerbe
506 2462 622 2547 primus
636 2465 825 2546 Hesychium
842 2467 959 2530 notavit
973 2466 1032 2529 Jul.
1042 2465 1159 2545 ⁸Caesar
1177 2466 1309 2548 Scaliger

266 2556 306 2622 de
316 2559 433 2626 ‘Plantis
445 2560 475 2642 I,
498 2586 528 2649 p.
543 2562 592 2629 64.
623 2565 748 2646 „Credo
769 2572 849 2634 illius
872 2571 1007 2634 seculum
1027 2571 1122 2632 ruisse
1141 2569 1309 2632 admodum

265 2657 498 2746 flapdaootdev.
548 2667 653 2732 Multis
673 2673 765 2734 etiam
785 2670 1011 2764 deprehendere
1028 2673 1114 2751 licet,
1143 2693 1216 2734 eum
1236 2694 1308 2734 con-

265 2759 395 2844 gessisse
408 2767 446 2845 ‚in
471 2766 547 2830 illud
566 2771 711 2835 horreum
732 2775 823 2836 simul
846 2795 915 2836 cum
941 2777 1077 2854 frugibus
1097 2775 1190 2836 etiam
1211 2796 1308 2837 scaro-

264 2867 360 2928 beeos
380 2889 450 2930 cum
468 2869 530 2931 suis
549 2872 762 2955 tabernaculis,
790 2875 865 2938 dum
885 2877 1027 2939 omnibus
1044 2897 1084 2938 ex
1106 2877 1183 2939 areis
1206 2873 1308 2938 omnia

266 2970 417 3030 converrit
434 2970 500 3030 sine
513 2991 616 3035 venno
638 2988 689 3038 out
710 2979 817 3041 cribro.
827 2978 846 3010 “
877 2975 1064 3063 'Eademque
1080 2979 1196 3040 ratione
1213 2977 1307 3040 modo

264 3069 419 3152 perhibet,
441 3091 505 3132 uon
526 3093 594 3136 esse
609 3077 799 3160 Hesychium
822 3091 959 3144 autorem
976 3083 1072 3142 multa
1091 3078 1153 3141 fide
1173 3079 1306 3160 dignum.

264 3167 436 3234 Exercitatt.
457 3171 496 3233 ad
518 3173 692 3242 Cor-danum
712 3205 743 3268 p.
758 3183 846 3261 451„
868 3181 964 3244 modo
978 3182 1096 3244 futilem
1120 3181 1257 3245 autorem
1273 3203 1307 3244 ac

265 3273 355 3356 plano
377 3278 607 3353 grammaticum
628 3287 772 3369 appellat,
800 3284 842 3346 ib.
870 3306 902 3368 p.
924 3281 996 3347 455.
1047 3283 1185 3347 Thomas
1207 3296 1307 3347 autem

264 3372 424 3442 Reinesius
445 3401 510 3442 non
529 3386 632 3446 solum
652 3387 731 3446 hanc
750 3383 894 3464 scaligeri
913 3387 1182 3472 reprehensionem
1198 3387 1307 3449 iustam
1439 3415 1440 3452 t

265 3497 333 3540 esse
355 3480 485 3563 tensuit,
508 3485 594 3571 epist.
608 3485 646 3548 ad
661 3485 732 3548 Joh.
748 3486 922 3566 Vorstium,
943 3493 1005 3567 26,
1027 3487 1189 3550 sedetiam
1204 3485 1307 3551 leudes
1439 3485 1440 3544 Ϊ

180 3611 188 3622 ·
264 3582 394 3648 nliortnn
417 3588 450 3648 in
469 3587 646 3673 scriptorem
672 3590 762 3672 plena
778 3611 887 3670 manu,
918 3589 1000 3676 quod
1022 3591 1120 3668 aiunt,
1151 3600 1307 3670 congestas
1439 3605 1440 3614 ¹

265 3680 395 3747 detrivit.
445 3687 706 3766 „Eruditionem“
733 3687 829 3778 inquit
850 3715 969 3779 „quam
990 3694 1019 3755 ei
1037 3694 1151 3778 passim
1166 3693 1307 3767 tribuunt,
1439 3715 1440 3728 ³

264 3784 365 3870 potius
379 3786 416 3849 iis
436 3790 654 3873 scriptoribus,
665 3815 741 3878 quos
756 3796 904 3882 excerpsit
925 3795 991 3874 (est
1012 3796 1095 3857 enim
1114 3796 1216 3857 solum
1231 3789 1308 3874 oud·
1439 3803 1440 3806 ’

265 3882 455 3970 ῥάπτάᾶης)
477 3892 656 3978 tribuerem:
680 3917 749 3958 cnm
771 3897 854 3958 enim
875 3898 951 3960 nihil
964 3918 1063 3984 paene
1077 3898 1141 3959 eius
1156 3897 1210 3985 sit,
1233 3917 1307 3981 quo-
1424 3951 1440 3968 ..

265 3982 367 4052 modo
383 3988 735 4077 emdinmdeatptvog
762 4000 857 4062 fuisse
887 3999 1077 4082 colligem?“
1113 4001 1165 4062 cfr.
1190 3999 1305 4063 Fabric.

264 4094 338 4156 bibl
352 4090 404 4160 Gr.
423 4097 442 4158 l.
466 4092 522 4157 lV.
543 4117 606 4182 cap.
628 4095 774 4180 XXXV,
797 4121 821 4166 s.
845 4101 900 4164 Vl.
944 4099 1009 4165 Alii
1030 4102 1131 4164 minus
1152 4104 1305 4188 perspicue
