2918 4806
1119 347 1181 408 tto

121 500 296 584 accepisse,
331 521 408 585 quae
431 504 575 586 tanquam
593 523 649 564 sua
666 503 762 589 ipsius
782 504 1047 592 interpretamenta
1071 522 1176 595 proto·
1212 574 1219 584 ,

120 601 199 663 iisse
213 601 365 687 plerisque
380 603 463 665 visus
477 615 549 666 erat.
583 603 648 666 Sed
658 627 698 666 ne
712 607 804 670 nimis
819 610 976 694 exspatier‚
999 612 1104 697 paucis
1121 612 1175 676 de-

119 705 244 783 fungar.
266 702 343 766 Ath.
360 705 409 784 X,
423 704 454 791 p:
467 704 548 785 424,
573 729 597 768 c.
621 705 659 768 de
677 729 755 770 voce
781 703 951 787 ,,κύαθος“
972 713 1175 790 ,καλοῦνται

120 801 162 868 δὲ
192 802 247 869 καὶ
273 800 455 892 ἀρυστῆρες
484 805 541 872 καί
564 802 732 892 ἀρύστιχοι
770 807 956 895 (sequuntur
977 815 1171 898 testimonia)

110 902 239 972 Ἔνθεν
265 907 322 972 καὶ
342 905 363 995 ἡ
385 905 558 994 ἀρύταινα.
576 904 714 994 Ἔλεγον
734 907 769 975 δὲ
791 909 847 976 καὶ
869 911 996 997 ἔφηβον
1017 918 1172 981 τοιοῦτον

120 1011 257 1086 σκεῦος,
289 1006 332 1088 ὦς
363 1011 564 1098 Ξηνοφάνης
590 1008 627 1076 ἐν
656 1015 871 1100 Συγγενικῷιί
920 1018 1055 1100 Hesych.
1083 1013 1172 1099 Ἀρν-

120 1113 271 1197 στίχονς·
303 1113 360 1192 τάς
387 1113 554 1200 οἰνοχόας,
586 1112 645 1191 τάς
671 1112 829 1194 κοτύλας·
861 1113 927 1183 ἀπὸ
953 1121 1015 1184 τοῦ
1042 1111 1171 1199 ἀρύειν,

120 1213 209 1281 ἔνθα
230 1211 328 1301 καὶὴ
355 1211 546 1302 Ἀρύταινα·
576 1213 687 1299 ἔλεγον
715 1215 751 1282 δὲ
772 1217 828 1284 καί
850 1217 975 1304 ἔφηβον
996 1215 1033 1286 τό
1057 1223 1171 1285 τοιού·

119 1309 185 1383 τον
206 1321 352 1400 οκεύος,“
373 1323 427 1383 ubi
437 1320 587 1386 Kusterus
602 1319 808 1401 adnotaverat,
823 1325 885 1408 (ap.
900 1321 1018 1400 Adhett.
1032 1346 1063 1409 p.
1081 1323 1180 1404 562).
1223 1381 1226 1388 .

120 1425 220 1500 „haec
236 1421 376 1486 videntur
396 1436 516 1510 scunpta
538 1444 606 1486 esse
626 1446 665 1485 ex
677 1421 809 1502 Athen,
838 1445 856 1486 a
877 1415 937 1509 q'uo
961 1447 1019 1490 nos
1039 1426 1169 1486 nimium

120 1536 268 1610 quantum
289 1525 490 1588 recedimus.“
512 1522 628 1587 Athen.
645 1523 705 1604 XI,
728 1525 800 1588 468.
821 1529 844 1588 f.
868 1519 1037 1609 ,Ἐλέφας
1062 1523 1168 1601 οὕτως

120 1622 268 1690 ἐκαλεῖτο
295 1620 457 1711 ποτήριόν
486 1647 534 1702 τι,
566 1619 610 1701 τάς
636 1620 826 1708 Δαμόξενός
854 1642 958 1711 φησιν
986 1625 1022 1694 ἐν
1055 1623 1169 1694 Αύτδν

119 1731 318 1794 πενθοῦντι·
360 1797 363 1801 ,

226 1837 266 1895 Α.
290 1831 332 1894 Ei
345 1825 377 1894 δ’
401 1822 462 1914 ούχ
481 1825 598 1895 ἱκανόν
614 1841 678 1908 οοτ,
700 1824 760 1893 cdv
775 1823 936 1910 ἐλέφανθΪ
958 1824 1030 1915 ἥκει
1053 1826 1167 1913 φέρων

289 1929 407 2008 ὀπαῖς.
430 1934 468 1998 Β.
489 1931 529 1995 Τί
541 1925 573 1996 δ’
594 1928 660 1997 ἐστὶ
670 1932 770 1996 τοῦτο
784 1927 868 2012 πρὸς
879 1932 976 1995 θεῶν.
1003 1937 1038 1994 Α.
1051 1925 1167 1996 Ῥυτδν

287 2035 478 2114 δίκρουνον,
500 2028 617 2117 ἡλίκον
638 2044 670 2097 τι
690 2037 775 2114 τρεῖς
795 2037 927 2118 χωροῦν
948 2029 1047 2116 χοάς“
1070 2046 1138 2096 cett.

120 2139 255 2220 Hesych.
284 2133 503 2220 ,Ἐλέφαντω
534 2171 572 2182 -
610 2131 727 2220 ρυτδν,
765 2141 854 2218 τρεῖς
890 2131 969 2218 χοάς
1002 2137 1166 2218 χωρούνάι

120 2239 259 2306 Advorte
283 2242 502 2318 accusativum,
530 2242 582 2326 qui
603 2253 762 2334 utrumque
787 2242 964 2326 scriptorem
988 2238 1027 2303 de
1053 2235 1165 2302 eodem

120 2347 181 2408 hoc
195 2347 266 2407 loco
279 2346 364 2430 loqui
384 2343 482 2406 docet.
520 2335 665 2407 Ceterum'
682 2345 807 2422 retinui,
830 2353 1003 2428 comparato
1019 2341 1166 2423 Hesychii

120 2451 209 2526 loco,
221 2449 366 2529 χωροῦν,
379 2446 464 2533 quod
474 2457 642 2509 mutaverat
656 2444 975 2524 Schweighaeuserus.
986 2483 1024 2492 -
1047 2443 1164 2505 Athen.

120 2574 150 2636 p.
169 2549 248 2629 475,
272 2549 301 2612 d.
329 2547 420 2629 ,,“οτι
450 2545 484 2613 δὲ
512 2544 568 2612 καί
597 2541 663 2610 ἀπὸ
688 2537 875 2625 Κανθάρου
896 2541 1060 2627 κεράμεως
1084 2537 1165 2607 ω’νο-

120 2646 233 2734 μάσθη
255 2650 292 2716 τδ
314 2649 456 2734 ἔκπωμα,
480 2648 562 2734 φησὶ
585 2645 776 2729 Φιλέταιρος
803 2647 838 2712 ἐν
851 2642 1005 2732 Ἀχιλλεῑ“
1026 2647 1162 2728 Hesych.

121 2752 340 2836 ,Κάνθαρος
362 2753 525 2839 ποτηρίου
539 2748 638 2827 εἶδος·
663 2745 728 2815 ἀπὸ
750 2752 811 2824 τοῦ
826 2744 1163 2823 καταοκενάσαντος.“

122 2899 159 2907 -
183 2857 301 2921 Athen.
325 2857 389 2936 XI,
418 2856 497 2933 486,
524 2858 546 2918 f.
578 2850 857 2934 ,,Μετάνιπτρον·
888 2845 908 2936 ἡ
938 2847 1018 2936 μετά
1040 2845 1077 2912 τά
1097 2848 1162 2912 ’δεῖ-

75 3015 81 3022 ,
120 2982 221 3037 πνον,
257 2956 337 3043 ἐπὴν
372 2952 602 3032 ἀπονίψωνται
634 2953 788 3038 διδομένη
817 2949 918 3032 κύλιξ.
953 2947 1162 3034 Ἀντιφάνης,

122 3059 277 3146 Λαμπάδι
298 3070 340 3108 ‘—
361 3061 506 3144 Δίφιλος
527 3061 687 3142 Σαπφοδ(
729 3058 863 3138 Hesych.
896 3052 1161 3136 ,Μετάνιπτρος

120 3163 141 3249 ’ἡ
164 3159 455 3245 Μετανιπτρίς··ἡ
477 3158 557 3245 μετά
578 3157 615 3234 τὸ
638 3161 789 3240 δεῖπνον,
814 3155 897 3223 ἐπάν
916 3158 1094 3235 νίψωνται,
1118 3155 1163 3219 δι·

121 3266 244 3352 δομὲνη
267 3264 390 3343 κύλιξ.“
1153 3287 1159 3294 ·

206 3368 291 3446 Ouid
301 3369 410 3454 plura?
433 3389 577 3448 magnam
589 3366 745 3429 Athenaei
766 3376 797 3426 et
809 3365 956 3446 Hesychii
974 3374 1093 3448 partem
1105 3357 1161 3451 δεῇ

119 3473 333 3549 scriberemus,
354 3473 470 3556 siquae
485 3471 518 3530 in
532 3483 659 3554 utroque
674 3469 785 3550 eadem
798 3478 828 3527 et
840 3467 880 3527 ita
897 3475 1069 3549 comparata
1083 3470 1162 3538 sunt,

119 3589 153 3638 ut
164 3574 345 3638 Athenaeus
359 3596 398 3635 ex
409 3559 571 3657 Pamphilo
588 3593 625 3634 ea
639 3569 824 3654 excerpsisse
843 3566 995 3643 videatur,
1018 3584 1162 3643 congere-

118 3700 151 3741 re
171 3681 332 3742 vellemus.
382 3674 567 3760 Quanquam
587 3674 676 3753 igitur
698 3672 909 3754 exemplortun
930 3670 1045 3729 nubem
1066 3667 1162 3728 habe-

119 3801 202 3859 mus,
231 3800 292 3864 qua
315 3780 452 3857 firmare,
480 3797 573 3862 quam
599 3774 730 3836 diximus
753 3772 934 3836 sententiam
959 3771 1062 3846 liceat,
1093 3761 1161 3831 ἐπέ-

120 3897 218 3965 χομεν
240 3894 358 3960 tamen,
380 3884 424 3945 rei
443 3876 696 3944 demonstrandae
710 3874 889 3938 satisfecisse
903 3895 961 3936 nos
974 3871 1097 3958 opinati.
