2894 4816
1037 393 1153 466 ‚81

115 556 192 608 tasse
209 565 284 608 suae
305 547 364 610 sibi
386 548 606 614 inconstantiae
618 551 685 638 ipse
697 573 761 616 nou
786 554 938 638 suardus,
964 555 1045 620 illius
1062 557 1155 646 iuter-

113 647 313 732 pretah'onem
325 653 511 734 negligebat,
534 673 683 740 suumque
703 655 796 742 ipsius
808 657 954 721 iudicium
965 660 1153 745 sequebatur.

114 747 256 812 Albertus
268 751 358 830 igitur
371 777 438 818 rem
450 756 492 818 ita
511 756 607 841 cepit:
631 755 925 842 Περαρροιιὲνηιες
937 774 1008 824 suut
1021 760 1155 845 αίνηιες

114 851 293 934 περίεργοι,
316 875 464 945 pauperes
482 859 592 922 curiosi
603 861 654 922 vel
668 862 952 947 curiosopauperes,
986 875 1019 926 ut
1037 865 1069 926 iu
1083 887 1154 928 ver-

114 961 158 1022 bis
171 961 350 1023 moustrosis
363 959 533 1025 formandis
543 974 614 1046 post
624 961 787 1026 Alberhrm
799 965 858 1049 ipsi
870 951 990 1050 quoque
1004 967 1153 1050 periclite-

113 1083 187 1124 mur.
229 1061 352 1142 Egenos
375 1065 459 1125 enim
479 1053 560 1124 male
581 1065 712 1144 invexit,
738 1069 790 1126 cl'r.
814 1065 915 1151 Intptt.
940 1069 1031 1152 antiq.
1054 1080 1085 1130 et
1104 1089 1153 1130 re-

114 1166 258 1228 centiores
281 1165 321 1227 ad
340 1163 498 1251 A1·istoph.
520 1165 597 1228 Plut.
620 1167 681 1231 548
695 1189 778 1252 seqq.
822 1169 948 1234 Librum
959 1168 1048 1247 igitur
1063 1189 1153 1231 suum

114 1267 319 1348 Diogeniauus
339 1270 520 1356 pauperibus
539 1269 704 1332 litterarior]
725 1291 873 1355 perquam
891 1269 1034 1334 studiosis
1058 1269 1152 1332 desti-

113 1373 201 1434 navit.
228 1363 280 1434 'tn
297 1370 427 1434 eandem
440 1373 621 1436 senteutiam
644 1371 848 1435 Schneiderus
861 1372 893 1433 in
908 1373 1006 1434 lexico
1027 1394 1151 1452 graece-
1267 1378 1271 1388 ’

113 1475 281 1553 germanico
290 1495 401 1536 vocem
412 1474 690 1558 interpretahsest:
713 1475 767 1538 der
774 1473 854 1536 Titel
865 1474 948 1536 eines
955 1471 1087 1552 Buches,
1101 1473 1152 1534 fiir

112 1597 192 1638 anne
214 1574 394 1639 Studirende
421 1577 635 1657 geschrieben,
667 1577 728 1662 dep
748 1577 899 1658 Hesychii
918 1574 1058 1639 Vorrede
1079 1597 1151 1638 zum

113 1679 221 1740 Lexico
235 1677 395 1758 ειῑιίὶὓιιιςιι
416 1699 517 1761 neque
537 1649 623 1742 diter
635 1679 811 1743 Passowius
825 1680 945 1764 aliique.
987 1675 1091 1764 anue
1102 1680 1151 1740 in-

111 1781 293 1866 terpretatio,
310 1782 341 1855 =si
354 1801 421 1842 rem
436 1781 536 1865 ipsam
548 1794 737 1867 spectamus,
759 1793 822 1844 uo'n
837 1782 938 1866 inepta
956 1793 1011 1844 est.
1053 1781 1151 1844 Verbi

112 1904 212 1945 caussa
227 1884 394 1962 Lucienus,
415 1878 500 1962 πρὸς
513 1878 713 1948 ἀπαίδευτον
730 1881 784 1948 καὶ
797 1879 906 1948 πολλὰ
917 1880 1030 1966 βιβλία
1046 1875 1149 1947 evot-

109 2005 224 2066 μενον,
249 2006 313 2072 cap.
330 1985 359 2050 ί.
382 1979 448 2066 „atr
463 1985 528 2067 είγε
544 1982 581 2050 vd
595 1987 776 2070 κεκτῆσθαι
788 1982 829 2051 roi
845 1983 957 2071 βιβλία
969 1982 1025 2052 καὶ
1037 2005 1149 2050 uersar-

109 2085 268 2171 διαμένον
283 2082 445 2172 ἀπέφαινε
458 2084 518 2152 τόν
535 2084 667 2171 ἔχοντα,
691 2091 821 2154 πολλοῦ
837 2084 880 2153 ἄν
900 2083 946 2164 ὥς
962 2083 1099 2172 ἀληθῶς
1110 2081 1148 2154 sd

109 2194 213 2275 ιιιῆμα
227 2181 271 2276 ἦν
285 2187 392 2269 ἄξιον,
415 2188 472 2255 καί
483 2186 590 2275 μόνον
605 2185 703 2274 ὑμῶν
714 2193 783 2257 τῶν
797 2189 977 2278 πλουσίων,
998 2189 1027 2254 εί
1041 2185 1148 2271 ὥσπερ

108 2291 141 2371 ἐξ
161 2290 286 2377 ἀγορᾶς
303 2282 345 2379 ἦν
368 2292 531 2373 πρίασθαι
550 2290 629 2370 sbrie
649 2291 791 2378 αένηνας
812 2290 898 2377 ἡμᾶς
918 2286 1148 2376 ὑπερβάλλον-

107 2397 192 2472 ταρίι
235 2396 299 2462 Sed
321 2396 361 2458 ad
374 2398 564 2479 Hesychium
582 2396 743 2462 redeamus
760 2419 885 2460 noeesse
897 2408 952 2460 est.
994 2395 1155 2464 ovonem

106 2496 229 2560 deducit
249 2520 268 2560 a
286 2495 421 2582 πένητες
442 2511 472 2564 et
493 2498 791 2582 περιεργάσασθαιι
811 2511 964 2586 praeterea
984 2520 1039 2583 pro
1062 2520 1148 2561 com-

103 2613 191 2688 perto
211 2603 288 2664 nihil
301 2605 414 2667 habeo.
458 2602 523 2666 Sed
534 2604 595 2664 hoc
607 2603 709 2688 ipsum
731 2606 770 2665 ab
783 2620 883 2664 errore
897 2623 961 2663 nou
972 2602 1078 2686 procul
1092 2601 1148 2662 ab·

103 2716 166 2781 est,
188 2725 284 2788 quum
296 2709 372 2768 ultra
386 2707 498 2770 vocem
513 2702 687 2787 νιερίερνον
699 2704 840 2791 progredi
853 2726 917 2765 non
931 2703 1028 2763 liceat.
1071 2700 1148 2762 Ulti-

102 2827 192 2868 mum
212 2805 287 2868 illud
301 2809 328 2870 si
342 2811 531 2894 contemplor
551 2855 569 2885 „
579 2801 743 2890 ἐγκρατεῖς
763 2799 874 2870 αὐτῶν
890 2799 1086 2886 γενέσθαιςίί
1114 2801 1148 2864 id

101 2913 240 2995 prolecto
257 2911 372 2995 optime
385 2910 522 2997 quadrat,
545 2911 572 2972 si
584 2909 624 2971 ad
643 2911 736 2973 libros
749 2910 874 2971 trahimr
886 2909 996 2986 hosce,
1018 2927 1147 2992 quorum

101 3025 263 3098 compotes
285 3014 351 3075 fieri
369 3024 507 3099 possunt.
549 3013 619 3074 Hoc
637 3014 664 3076 si
683 3014 849 3091 sumimus,
871 3006 1026 3090 ἀνευρεῖν
1047 3019 1147 3094 potest

99 3139 177 3201 pro:
198 3136 372 3203 comparare
387 3115 455 3193 sibi,
476 3109 669 3196 ἐκπορίζειν,
690 3115 804 3178 dictum
819 3136 896 3178 esse.
928 3112 974 3176 Ita
989 3105 1146 3192 εὑρέσθαι

100 3213 240 3304 usurpari
253 3222 346 3298 solet,
369 3217 585 3281 cfr.Am1non.
602 3219 641 3282 de
656 3218 753 3282 diller.
768 3222 876 3284 vocab.
895 3239 926 3304 p.
942 3221 991 3280 61.
1008 3213 1056 3278 ed.
1069 3214 1147 3277 Val-
1265 3259 1271 3268 .

99 3321 191 3381 cken.
214 3331 245 3381 et
262 3322 396 3384 activum
416 3343 536 3409 quoque
553 3322 706 3386 interdum
725 3323 818 3386 simili
841 3321 958 3383 ratione
977 3317 1147 3394 adhibetur,

98 3427 157 3484 clr.
178 3421 455 3504 Schweighaeuser
474 3425 507 3485 in
531 3426 644 3488 Lexico
665 3424 861 3501 Herodoteo,
883 3422 922 3484 Τ.
936 3420 961 3482 Ι.
984 3443 1016 3505 p.
1031 3423 1104 3485 297.
1119 3439 1145 3480 s.

97 3545 130 3587 v.
154 3518 321 3605 εὑρίσκειν
340 3549 371 3588 u.
394 3533 424 3591 3.
476 3525 622 3612 ¹Superest
640 3529 730 3608 igiurr
749 3525 824 3590 illud
843 3513 1144 3614 αεριεργασιίμινοι,

97 3625 187 3712 quod
200 3627 242 3689 ita
255 3631 383 3692 fortasse
398 3629 593 3714 explicabitur
605 3649 645 3691 ex
651 3629 799 3711 Hesychii
811 3639 931 3706 mente,
953 3617 1146 3706 ἐργάζεσθαι

95 3722 250 3811 χρήματα
270 3742 317 3794 est
338 3730 419 3817 apud
432 3730 669 3810 Herodohunl,
690 3729 758 3808 24„
778 3751 883 3816 parare
903 3727 1144 3815 sibipecuuiam.

96 3828 188 3910 Quid
199 3833 313 3912 igitur?
342 3835 370 3898 si
381 3835 423 3896 ita
440 3834 539 3898 voluit
553 3833 677 3899 dicere?
705 3829 896 3912 „dummodo
917 3831 1075 3912 diligenter
1086 3852 1145 3890 un-

96 3931 193 4018 dique
211 3947 315 4020 parata
333 3937 477 4023 pecunia,
496 3939 550 4001 vel
567 3938 678 4023 paratis
697 3939 788 4000 rebus
810 3937 869 3999 hos
882 3937 976 4003 libros
991 3933 1145 4019 acquitem

95 4045 128 4096 et
149 4057 261 4098 eorum
281 4051 440 4125 compotes
461 4040 527 4102 fiac·
546 4041 702 4126 possent.“
751 4039 872 4103 Tamen
892 4039 1001 4104 dubius
1020 4039 1144 4111 haereo,

95 4137 172 4221 quia
192 4138 364 4221 Hesychius
384 4140 411 4204 si
431 4139 502 4203 talia
520 4141 554 4207 iu
571 4143 624 4205 illo
647 4142 735 4205 titudo
756 4165 897 4230 expressa
912 4164 979 4208 esse
1001 4135 1143 4212 cederet
