2918 4806
1094 361 1162 438 141

111 538 258 629 profecta.
286 532 434 615 Eaigitut
447 533 604 620 Hesycbio
619 533 960 620 relinquamusnecesse
973 549 1027 601 est.
1057 537 1169 627 Quum

17 675 19 680 ,
111 649 216 702 autem
236 636 409 718 Hesychius
435 638 590 719 glorietur,
626 633 854 716 Diogenianum
876 641 979 702 omnia
1005 643 1188 730 collegrsse¹

17 813 22 826 1
111 741 223 819 lexica,
245 760 323 827 quae
334 760 431 824 usque
448 738 488 802 ad
505 739 590 802 illam
611 747 742 800 aetatem
762 740 872 824 scripta
889 753 987 806 erant:
1011 745 1070 806 alia
1090 749 1162 808 eum

111 853 183 928 post
200 840 430 921 Diogenianum
458 837 617 904 condita
608 860 641 898 m
660 860 726 902 rem
749 860 838 902 suam
858 843 998 921 vertisse,
1027 847 1161 910 maxime

33 949 36 958 ’
110 945 268 1030 probabile
281 943 345 1009 erit.
388 941 428 1004 Et
441 963 536 1028 quum
556 939 767 1019 Diogenianus
784 943 988 1022 111111101111,
1011 967 1088 1030 quos
1103 969 1161 1012 vo.

111 1057 191 1123 cant,
207 1045 396 1130 scriptorum,
418 1065 521 1122 voces,
541 1053 574 1105 ut
591 1033 684 1104 idem⁴
696 1045 879 1126 pronuntiat,
903 1066 1010 1109 omnes
1027 1048 1161 1132 explica-

109 1145 203 1207 veritt
232 1143 308 1229 quid
325 1155 415 1208 restat
436 1145 533 1224 aliud,
556 1164 648 1230 quam
673 1143 771 1204 lexica
794 1144 861 1224 illa,
884 1148 992 1232 quibus
1011 1146 1110 1212 Vetus
1130 1161 1161 1210 et

108 1237 236 1311 Norunt
246 1243 479 1310 Testamentum
492 1246 689 1332 explanatur?
711 1245 792 1306 Hinc
806 1247 896 1326 igitur
908 1258 1008 1326 totum
1019 1252 1084 1312 fere
1097 1248 1159 1331 Gy-

108 1348 168 1409 rilli
179 1347 301 1408 lexicon
312 1348 492 1428 Hesychio
482 1361 576 1426 mest,
598 1348 669 1408 hinc
690 1348 807 1427 singula
826 1347 976 1433 quaedam
992 1373 1009 1412 e
1023 1352 1159 1442 111111111-

108 1449 159 1512 nis
171 1449 382 1534 scriptoribus,
406 1461 439 1510 ut
455 1471 491 1512 ex
504 1431 694 1534 Epiphanio,
716 1471 781 1510 non
793 1470 860 1512 raro
873 1462 1025 1536 petuntur.

193 1549 250 1612 His
270 1552 440 1635 explicatis,
462 1552 540 1612 nihil
554 1551 683 1636 amphus
701 1549 896 1614 dubitationis
907 1563 1084 1638 superest.
1095 1550 1157 1615 Go-

108 1653 272 1744 gnorimus
300 1652 398 1728 enim,
431 1635 621 1733 Hesychium
645 1652 875 1728 grammaticum
903 1653 1157 1752 Alexandrinum,

64 1743 65 1746 ¹
107 1756 269 1816 hominem
283 1754 492 1831 christianum,
520 1775 572 1836 qur
563 1754 715 1816 fortasse
727 1775 790 1817 non
808 1756 961 1818 immerito
975 1756 1075 1820 ultimi
1088 1757 1157 1818 aevi

109 1841 275 1919 Graeculus
287 1855 491 1918 Valckenario
511 1866 637 1918 vocatus
651 1867 711 1934 111,
735 1855 917 1942 Opuscc.l,
938 1854 1054 1940 p.115l.
1076 1853 1156 1916 Dio-

108 1959 230 2037 geniani
243 1958 333 2020 nobis
347 1979 484 2034 servasse
497 1956 636 2038 lexic0n3
658 1957 715 2020 sed
730 1957 780 2037 ita,
801 1970 835 2019 ut
849 1959 970 2044 ipsene
987 1958 1076 2020 sciret
1088 1949 1155 2042 quiss

17 2107 19 2114 ,
109 2058 182 2124 dem
200 2070 351 2136 accurate,
381 2082 473 2144 quam
491 2059 610 2138 insigne
635 2059 669 2121 id
692 2072 788 2138 esset,
817 2081 917 2144 neque
937 2070 1055 2138 nosset,
1085 2071 1155 2139 ante

108 2159 335 2238 Diogenianum
360 2160 555 2246 Pamphilum
580 2163 724 2240 magnam
753 2163 921 2224 lexicorum
944 2163 1155 2224 collectionem

99 2263 281 2324 instituisse.
329 2262 401 2349 lpse
417 2264 563 2348 quoniam
587 2284 656 2324 sese
678 2285 733 2341 sua
760 2269 855 2326 manu
874 2264 1029 2348 scripsisse
1051 2265 1155 2326 omnia
1253 2341 1255 2350 Ι

108 2365 263 2444 gloriatur:
293 2363 366 2448 quid
394 2363 537 2447 impedit,
566 2367 745 2446 quominus
767 2389 838 2427 eum
862 2367 905 2426 nil
922 2366 981 2426 nisi
1001 2366 1155 2427 librarium

106 2467 203 2529 fuisse
223 2465 406 2552 opinemur?
438 2463 561 2526 Deinde
579 2468 794 2544 cognovimus,
827 2477 1001 2550 excerptum
1028 2486 1096 2527 esse
1116 2452 1155 2528 ex

108 2569 168 2630 alio
181 2570 302 2645 librum,
314 2567 370 2628 sed
385 2589 451 2628 nun
463 2579 535 2653 pust
547 2567 739 2648 Hesychium
753 2589 770 2629 a
783 2567 915 2645 librari0,
927 2565 985 2628 sed
998 2578 1067 2628 ante
1081 2589 1153 2630 eum

108 2693 127 2732 a
140 2670 344 2749 Diogeniano
367 2667 552 2730 Tenendum
564 2679 670 2730 tamen
681 2681 735 2746 est,
753 2669 791 2731 de
808 2691 868 2754 quo
883 2669 946 2730 iam
958 2681 1046 2731 antea
1060 2673 1153 2732 locuti
1186 2700 1191 2712 ··

107 2794 231 2850 sumne,
259 2773 405 2832 nonnulla
431 2770 621 2851 Hesychium
654 2771 806 2848 omisisse,
835 2792 899 2831 non
921 2793 1014 2834 voces
1042 2775 1152 2853 solum,

17 2913 18 2916 =
107 2873 164 2936 sed
190 2874 282 2936 etiam
302 2895 416 2936 vocum
440 2870 713 2956 interpretamenta.
763 2871 931 2959 imprimis,
958 2885 992 2934 ut
1017 2876 1155 2960 suspicor

108 2978 214 3036 contra
226 2975 414 3054 singulorum
435 2975 700 3053 grammaticorum
720 2976 860 3052 nomina,
879 2977 1019 3059 ‘quorrun
1039 2978 1072 3037 in
1088 2978 1154 3063 epi-

107 3079 186 3140 stola
201 3098 256 3138 sua
267 3099 332 3138 non
344 3076 499 3152 meminit,
521 3077 644 3136 licenter
665 3088 813 3154 grassatus
830 3087 884 3138 est.
927 3075 1070 3162 Denique
1084 3100 1154 3163 per-

107 3180 244 3264 spexisse
262 3201 320 3240 nos
343 3177 508 3253 credimus,
536 3175 742 3238 additamenta
772 3199 864 3265 saepe
882 3173 1024 3265 perversa
1045 3185 1110 3240 non
1135 3173 1167 3241 a

107 3281 235 3343 librariis
260 3280 388 3357 intrusa,
424 3277 479 3341 sed
508 3280 546 3340 ab
574 3279 730 3360 Hesychio
752 3284 889 3365 profecta
909 3282 1020 3357 fuisse,
1050 3291 1081 3340 et
1107 3301 1152 3358 ea,

17 3365 19 3380 ’
107 3402 186 3466 quae
198 3391 271 3466 post
281 3382 440 3463 epistolam
448 3384 596 3460 leguntur,
619 3381 659 3442 ad
670 3383 859 3462 Hesychium
873 3393 1027 3442 auctorem
1044 3379 1153 3443 redire.

106 3485 154 3547 Ita
175 3481 276 3544 omnis
297 3481 474 3567 opinionum
498 3480 670 3558 1111111111,
694 3484 750 3543 1111
762 3505 871 3560 nemu,
894 3481 968 3566 quid
985 3503 1093 3546 verum
1105 3483 1153 3560 sit,

106 3586 234 3662 viderit,
260 3603 383 3669 prorsus
404 3584 564 3645 evanescit.
615 3581 795 3646 Admiratus
817 3595 862 3646 est
883 3583 1074 3664 Hesychium
1094 3581 1153 3646 Ca-

107 3691 273 3764 saubonus,
296 3685 392 3769 etqui
406 3684 489 3745 aliter
503 3685 652 3770 potuisset
669 3686 724 3763 vir,
748 3698 811 3748 tam
832 3685 967 3746 doctrina
981 3706 1045 3762 sua,
1062 3707 1154 3768 quam

108 3790 204 3853 animi
223 3787 373 3876 probitate
395 3787 591 3871 conspicuus,
621 3809 716 3872 quum
741 3790 819 3850 bene
843 3785 1037 3868 intelligeret,
1065 3789 1171 3850 sein

107 3890 273 3954 Athenaeo
290 3886 482 3950 emendando
502 3888 638 3952 immane
658 3901 805 3975 quantum
824 3891 876 3954 illo
895 3887 1001 3974 lexico¹
1017 3889 1154 3950 adiutum

108 4014 186 4054 esse.
229 3990 276 4054 At
288 4012 352 4053 non
365 4001 428 4051 erat
442 3991 623 4074 Hesychius,
646 4013 738 4076 quem
759 3989 971 4070 admirabatur
993 3989 1048 4053 sed
1061 3990 1154 4052 Pam·

107 4093 220 4180 philus.
264 4092 431 4182 Obstupuit
449 4107 573 4182 propter
593 4095 793 4156 temeritatem
814 4094 949 4155 hominis
968 4106 997 4155 et
1024 4095 1087 4153 eius
1107 4114 1155 4154 er-

903 4199 945 4261 10
