2918 4806
523 1002 758 1096 CAPUT
788 997 1121 1110 QUINTUM.
1211 1011 1227 1144 Ι·

321 1228 386 1292 nn
407 1226 660 1294 rnnrrnnl
689 1224 905 1294 cnossrs
933 1223 967 1288 A
988 1216 1314 1288 nrocumnno

674 1345 974 1414 sxcnnrrrs.
1041 1429 1043 1433 γ

721 1528 926 1539 ...--·--——·

783 1638 811 1723 ς.
839 1646 866 1704 ι.

303 1758 400 1890 Tota
413 1809 560 1891 Hesychii
571 1809 733 1897 l'hotiique
748 1809 787 1872 de
794 1805 978 1890 Diogeniaui
987 1801 1086 1866 lexico
1105 1802 1243 1882 narratio,
1254 1823 1339 1888 qumn
1426 1859 1427 1888 ¹

304 1910 357 1996 qui
376 1912 523 1996 sequitm,
545 1913 774 1995 Diogenianum
796 1933 904 1977 verum
925 1909 990 1972 eius
1013 1919 1043 1970 et
1062 1907 1187 1968 unicum
1207 1904 1340 1966 condito-
1427 1964 1428 1996 ¹

304 2035 385 2092 rem,
407 2015 530 2100 suisque
541 2017 636 2102 ipsius
647 2014 859 2079 tantinumodo
872 2011 977 2078 studiis
996 2011 1145 2072 confisum
1158 2031 1223 2072 esse
1236 2007 1342 2087 credet,

306 2135 325 2176 e
342 2114 437 2178 Suida
449 2120 501 2181 vel
515 2122 553 2182 eb
571 2141 609 2181 eo
624 2121 778 2206 scriptore,
800 2138 892 2202 quem
907 2114 1017 2178 Sindos
1031 2114 1063 2176 in
1074 2134 1131 2176 suo
1145 2112 1243 2175 lexico
1260 2112 1342 2198 expi-

305 2219 395 2297 lant,
415 2218 610 2302 redarguitm.
653 2222 701 2286 Ibi
723 2221 845 2283 enims.
862 2239 893 2282 v.
912 2211 1145 2300 Διογενειοινός
1167 2215 1343 2277 haecverbn
1429 2219 1431 2306 ¹

307 2320 435 2400 legimus
460 2317 547 2401 ,,έοτι
570 2319 606 2388 δὲ
622 2318 727 2388 αὐτοῦ
739 2320 850 2406 βιβλίοι
870 2323 988 2385 ταῦτα·
1021 2315 1122 2397 λέξεις
1140 2311 1344 2382 παντοδαπαί

307 2416 393 2486 κατὰ
406 2427 568 2508 στοιχεῖον
580 2420 617 2490 έν
630 2423 772 2509 βιβλίοις
785 2418 822 2488 s'·
851 2419 987 2505 ἐπιτομὴ
1001 2417 1037 2485 δέ
1053 2417 1120 2485 έοτι
1133 2422 1202 2484 των
1217 2417 1344 2502 Παμφί

307 2527 371 2591 λον
380 2519 509 2607 λέξεων,
528 2527 668 2613 βιβλίων
681 2523 704 2594 e'
719 2524 776 2594 καί
786 2523 1008 2608 τετρακοσίων
1021 2519 1076 2588 ιιιιί
1089 2524 1157 2588 τῶν
1172 2521 1346 2606 Ζωπυρίω-

308 2629 386 2704 νος“
408 2642 486 2710 cett,
508 2634 648 2717 equibus
663 2632 815 2709 discimus,
837 2628 1066 2709 Diogeninnum
1083 2627 1239 2712 epitomen
1251 2628 1345 2707 lexici,

308 2730 392 2817 quod
403 2733 537 2820 Zopyrio
550 2735 755 2812 inchoaverat,
774 2731 952 2817 Pamphilus
965 2743 1067 2794 autem
1080 2733 1256 2816 perfecerat,
1276 2753 1346 2794 con-

309 2832 431 2898 didisse.
475 2835 539 2898 Sed
552 2859 593 2898 ne
605 2839 735 2904 verbum
756 2834 882 2922 quidem
895 2833 934 2896 de
951 2836 1010 2896 alio
1022 2834 1122 2896 lexico
1135 2832 1347 2898 dictum-cudi-

309 2959 388 3000 mus.
431 2936 553 3016 Quodsi
573 2942 657 3003 solus
676 2940 848 3022 Hesychius
870 2948 922 2999 aut
936 2936 1008 2999 dolo
1030 2939 1113 3000 malo
1139 2957 1212 3000 usus
1226 2946 1278 2998 aut
1291 2938 1347 3000 im-

308 3038 442 3126 prudens
454 3041 487 3102 in
502 3063 635 3104 errorem
651 3025 787 3104 abiisset:
811 3061 880 3102 eam
893 3061 960 3103 rem
980 3062 1044 3103 non
1057 3040 1161 3120 magni
1172 3042 1347 3104 faceremus.

307 3139 346 3203 Id
360 3151 462 3204 eutem
471 3144 670 3206 vehementer
682 3143 843 3221 miramur,
867 3143 952 3228 quod
964 3165 1028 3208 non
1043 3146 1145 3206 solum
1155 3143 1298 3228 permulti
1308 3141 1349 3204 illi

308 3245 510 3325 grammatici,
543 3246 596 3332 qui
615 3244 800 3326 Diogeniani
817 3239 916 3324 λέξεις
938 3248 1078 3326 citanrnt,
1109 3245 1186 3307 nihil
1203 3244 1242 3308 de
1260 3245 1348 3308 Pern-
1383 3287 1386 3292 ·

307 3334 384 3430 phili
406 3347 540 3433 epitome
558 3369 707 3430 cognosse
726 3348 886 3430 videntur3
913 3349 969 3414 sed
995 3348 1122 3412 Photius
1142 3369 1278 3434 quoque,
1306 3347 1349 3414 vir

310 3446 501 3514 doctissimus
515 3463 576 3514 eta
594 3453 741 3516 libmrum
765 3453 853 3538 copia
871 3453 1133 3530 instructissimus,
1155 3473 1211 3514 sua
1223 3450 1350 3516 auctori-

308 3561 370 3613 tate
390 3575 446 3638 pro
464 3553 574 3618 iisdem
590 3556 725 3642 pertibus
743 3567 868 3642 pugnat.
913 3551 1016 3634 Quare
1029 3575 1191 3620 necessum
1203 3565 1266 3635 est,
1287 3571 1351 3618 rem

309 3665 446 3718 acnnate
459 3659 647 3746 perquirere3
676 3659 826 3746 imprimis
840 3679 936 3744 quum
954 3657 1068 3721 Suidae
1081 3658 1114 3719 in
1129 3656 1199 3720 vitis
1212 3677 1352 3720 enarran-

310 3751 356 3817 dis
368 3766 451 3819 tanta
464 3759 503 3822 sit
522 3762 599 3827 fides
621 3775 652 3827 et
668 3762 844 3839 auctoritas,
865 3771 900 3822 ut
912 3779 1013 3845 neque
1029 3762 1094 3824 eius
1107 3760 1277 3839 silenum,
1298 3781 1352 3822 ne-

307 3879 368 3942 que
381 3861 553 3928 testimonia
571 3869 610 3929 ab
624 3887 662 3929 eo
675 3867 792 3952 prolate
811 3862 920 3926 merito
939 3863 1140 3945 negligannn.
1183 3859 1235 3924 Ac
1250 3864 1353 3949 proie-

308 3972 355 4024 cto
368 3983 418 4026 res
432 3985 451 4026 a
463 3955 558 4029 Suida
578 3967 656 4029 dicta
676 3989 732 4054 per
753 3986 787 4028 se
798 3976 858 4043 est,
881 3964 939 4028 nisi
954 3967 1058 4045 fallor,
1080 3986 1229 4054 perquam
1248 3963 1352 4030 verisi-

306 4064 396 4129 milis.
440 4064 622 4156 Quicunque
645 4070 728 4132 enim
742 4079 879 4132 accurate
901 4069 987 4150 legit,
1009 4086 1088 4156 quae
1109 4068 1351 4149 deDiogenieno
