2894 4816
360 1071 586 1161 CAPUT
619 1072 944 1160 TERTIUM.

135 1271 141 1282 '
172 1271 412 1340 IUDlCIUM
440 1277 504 1341 DE
526 1277 818 1343 EPISTOLAE
841 1277 1130 1342 SCRIPTORE

288 1395 357 1460 EX
378 1395 791 1464 EIUS-SCRIBENDI
813 1395 1012 1486 GENERE

347 1593 351 1596 ,
455 1517 836 1584 ADUMBRATUM.

547 1715 758 1726 ....-.-——-

123 1836 223 1946 Non
235 1882 280 1936 est
286 1859 303 1952 ,'
316 1874 399 1960 quod
413 1899 642 1956 commoneam,
663 1878 854 1960 Hesychium
867 1877 900 1938 in
913 1887 1012 1953 tants,
1028 1863 1172 1959 quantam

122 1975 195 2060 ipse
215 1976 387 2058 confitetur,
409 2002 510 2044 rerum
525 2004 564 2048 ex
581 1983 711 2044 eliorum
727 1982 811 2044 libris
824 1983 1010 2044 hausturum·
1022 1979 1109 2063 copia
1133 1998 1172 2040 ex

123 2077 256 2163 epistola
275 2081 386 2144 melius
400 2094 431 2149 et
443 2085 577 2164 facilius,
599 2107 691 2172 quarn
712 2106 751 2146 cx
763 2084 862 2147 lexico
885 2080 1028 2162 cognosci
1041 2091 1072 2144 et
1092 2078 1189 2140 diiu-‘

124 2179 232 2244 diceri.
274 2183 359 2245 Licet
379 2186 462 2248 enim
475 2208 583 2250 verum
601 2199 695 2264 esset,
718 2185 801 2270 quod
813 2185 1030 2248 Valckenarius
1043 2193 1187 2247 couten-¹

125 2281 183 2362 dit,
199 2285 343 2370 epistolae
357 2289 534 2374 scriptorem
548 2293 644 2352 multa
654 2289 763 2375 pannis
776 2289 839 2350 suis
854 2285 1080 2348 comrniscuisse
1094 2283 1169 2358 elic-

123 2405 169 2447 na
190 2389 263 2462 test.
276 2387 384 2452 Vulck.
399 2390 513 2477 Opusc.
528 2391 567 2453 H.
585 2415 612 2478 p.
625 2393 725 2472 157.),
746 2392 822 2454 ratio
838 2403 937 2452 tamen
950 2389 1014 2452 eius
1029 2398 1060 2451 et
1072 2385 1169 2483 oratio

123 2488 249 2576 propria
269 2501 315 2554 est
342 2503 372 2554 et
391 2489 487 2578 queilis
506 2495 603 2556 homo
631 2494 721 2556 fuerit
736 2494 827 2556 nobis
854 2490 996 2556 ostendit.
1049 2487 1089 2552 Et
1108 2490 1169 2550 huc

123 2593 230 2678 ipsum
248 2592 467 2656 Valckenarius
490 2593 698 2658 demonstrare
717 2589 829 2671 voluit,
861 2605 926 2654 tam
945 2593 1081 2676 ineptam
1102 2609 1169 2650 esse

126 2697 304 2781 epistolam,
327 2697 498 2782 librumque
515 2709 580 2760 tem
598 2701 798 2783 praeclarum,
821 2707 854 2757 ut
874 2693 1012 2775 glossarii
1032 2688 1170 2754 conditor

123 2819 183 2883 pro
203 2798 439 2884 prudentissimo
457 2801 525 2863 viro
543 2799 719 2876 habendus,
743 2801 870 2885 scriptor
889 2797 1034 2882 epistolae
1057 2802 1169 2870 contra,

125 2912 163 2961 ut
174 2902 273 2964 ultimi
283 2902 352 2964 aevi
366 2898 545 2980 Graeculus,
568 2901 807 2966 contemnendus
821 2903 869 2964 sit.
911 2896 1110 2976 Intelligimus
1123 2904 1169 2959 tu-

125 3024 216 3080 men,
243 3001 480 3066 Valckenarium
497 3003 651 3068 interdum
669 3001 793 3089 quidem
812 3025 886 3068 vere
904 2999 1071 3078 iudicasse3
1097 2995 1168 3074 uni-

126 3127 215 3168 verse
228 3117 331 3168 autem
343 3104 437 3166 nimia
451 3103 612 3191 cupiditate
627 3105 794 3186 seductum,
812 3108 869 3168 alia
881 3106 962 3168 male
975 3088 1168 3176 intellexisse,

126 3209 186 3270 alia
197 3210 278 3273 iusto
292 3207 443 3272 severiore
458 3229 582 3272 censura
594 3210 811 3295 perstrinxisse.

213 3308 395 3394 Quicunque
416 3323 552 3372 accurate
575 3323 605 3372 et
625 3311 783 3391 diligenter
802 3309 928 3395 perlegit
942 3307 1117 3392 epistolam,
1138 3301 1169 3364 ei

127 3425 211 3476 extra
233 3411 470 3475 controversiam
490 3433 597 3478 verum
620 3435 687 3476 esse
706 3413 875 3478 videbitur:
908 3411 973 3474 eius
992 3407 1170 3492 scriptorem

127 3514 231 3584 omnis
249 3514 283 3574 in
304 3512 433 3574 dicendo
455 3517 620 3592 elegantiae
640 3528 794 3602 expertem
811 3513 922 3576 mirem
943 3510 1085 3584 adamare
1102 3506 1170 3568 ine-

126 3629 274 3704 ptamque
287 3615 452 3682 verborum
465 3617 705 3700 exsuperantium
721 3639 778 3680 nec
792 3619 921 3680 obscura
931 3612 1060 3699 prodere
1073 3608 1170 3690 negli-

118 3720 249 3799 gentiae
262 3718 358 3799 signa.
401 3715 558 3804 Exemplis
571 3738 636 3777 non
656 3738 732 3802 opus
747 3730 801 3781 est.
845 3715 930 3796 Quid
942 3716 1048 3780 enim?
1069 3712 1170 3776 nemi-
1214 3756 1216 3759 -

128 3823 161 3884 ni
172 3845 235 3884 non
248 3823 413 3884 molestum
428 3821 483 3882 erit
496 3815 617 3897 πάσας,
640 3821 734 3897 πᾶσι,
757 3814 862 3896 πάσας
882 3819 922 3882 ed
936 3820 1104 3881 satietatem
1117 3835 1170 3876 us·

130 3947 187 4010 que
198 3925 391 4010 repetitum3·
407 3923 546 3986 additum
559 3924 634 3986 illud
647 3919 734 4006 ὁμοῦ
740 3947 751 3998 5
782 3925 973 4000 membrum,
995 3922 1083 4006 quale
1107 3919 1168 3978 hoc

130 4039 190 4107 est,
222 4019 351 4106 „odric
370 4024 438 4108 ἰδίᾳ
459 4023 541 4108 χειρὶ
564 4020 733 4108 γράφων
754 4020 817 4108 ἐγώ
838 4020 918 4107 μετὰ
940 4017 1048 4104 πάσης
1069 4008 1168 4098 ὄρθό·

130 4150 224 4213 optor
244 4124 301 4194 καὶ
320 4121 554 4212 ἀκριβεστάτης
573 4127 761 4221 γραφῆςιξ
783 4140 814 4190 et
835 4129 894 4194 alia
909 4125 1029 4189 simssia.
1072 4117 1170 4182 Festi-
