2918 4806
281 351 343 416 188

280 522 317 582 ab
332 516 524 596 Aristarcho,
546 516 715 605 Apioneet
727 518 896 582 Heliodoro
911 517 1083 604 explicatas.
1126 516 1163 580 Id
1174 519 1277 603 ipsum
1290 519 1325 578 in

279 622 365 682 titulo
378 620 446 682 libri
458 622 551 684 nostri
564 623 724 706 repetitum
738 634 793 686 est.
820 620 998 705 Pamphilus
1019 618 1113 698 „werd
1134 621 1325 700 plessero,

280 721 488 801 Diogenianus
509 719 627 801 ,λέξεις
639 719 872 798 annotante
894 722 1038 786 ediderat
1081 724 1254 806 Hesychius
1266 723 1326 785 de-

280 825 371 908 nique
384 826 442 886 hae
459 847 530 889 usus
552 840 597 891 est
616 826 809 910 inscriptione
836 819 985 903 ,Λέξεων
1010 829 1126 890 πασῶν
1148 819 1326 908 συναγωγὴ

280 923 364 990 κατά
392 933 554 1010 στοιχεῖον
582 927 618 994 ἐκ
644 931 711 992 τῶν
736 921 951 1010 Ἀριστάρχου
981 927 1036 992 καὶ
1064 923 1247 1003 'Aualerone
1266 923 1325 990 κοιλ

276 1025 491 1110 Ἡλιοδώρου.
530 1025 687 1113 Ἡσυχίον
714 1023 1216 1112 γραμματικοῦ.Ἀλιξιὶνιλρεοιριι
1244 1051 1325 1115 quae

280 1133 428 1217 prioribus
444 1135 508 1196 istis
521 1133 603 1209 llaud
619 1137 720 1219 paullo
733 1135 911 1196 insolentior
933 1144 987 1196 est.
1031 1133 1143 1213 Magna
1163 1145 1326 1219 propterea

279 1237 312 1296 in
325 1236 519 1317 Hesychiurn
536 1236 659 1298 crimina
681 1237 845 1300 cumulavit
863 1236 1097 1315 Valckenarius,
1119 1257 1196 1321 quae
1212 1235 1325 1297 Ruhn-

185 1342 186 1351 ’
280 1339 387 1401 kenius
402 1360 420 1400 a
433 1340 649 1424 lexicographo
662 1339 705 1403 tta
714 1338 885 1400 defendere
898 1337 1046 1416 studebat,
1068 1349 1102 1400 ut
1116 1337 1156 1400 ad
1167 1349 1326 1422 conuptos

281 1440 409 1502 dienen
421 1441 566 1502 librorum
584 1441 686 1502 lindos
706 1453 886 1524 provocaret
908 1441 1004 1525 iisque
1023 1453 1162 1504 ausuum
1181 1461 1326 1503 accense-

280 1553 334 1603 ret.
378 1540 429 1603 Ac
450 1554 568 1628 poterat
587 1541 621 1603 id
638 1545 785 1626 prolecto.
829 1541 899 1629 lpse
918 1545 1000 1606 enim
1022 1546 1152 1630 corrupit
1164 1553 1270 1630 postea
1281 1543 1326 1604 ti-

280 1646 392 1721 tulum,
414 1665 507 1728 quem
525 1643 670 1708 Timaeus
689 1645 787 1708 lexico
808 1667 865 1708 suo
885 1646 1041 1732 Platonico
1058 1648 1264 1733 promiserat,
1293 1657 1328 1706 et

281 1768 375 1830 quum
396 1747 427 1808 in
441 1750 644 1833 manuscripto
660 1769 717 1810 suo
731 1749 898 1814 invenisset
916 1749 1083 1832 ,,Τιμαλον
1105 1749 1265 1828 σοφιστοῦ
1277 1741 1327 1828 ιἐν

281 1849 352 1912 τῶν.
369 1851 429 1912 τοῦ
453 1845 635 1925 Πλάτωνος
660 1846 798 1927 λέξεσινιι
827 1871 903 1935 quae
922 1855 1017 1915 verba
1038 1854 1122 1914 nulla
1140 1850 1328 1913 correctione

282 1963 386 2031 egent,
414 1974 479 2014 non
501 1948 618 2035 ἐκλογή
641 1954 782 2030 coniecit,
810 1951 868 2014 sed
891 1949 974 2036 quod
992 1954 1118 2014 minime
1135 1961 1327 2036 exspectares

282 2048 488 2131 „sistendo
516 2056 584 2118 τῶν
606 2056 668 2117 τοῦ
693 2049 872 2127 Πλάτωνος
900 2051 1068 2130 λέξεων·
1100 2055 1191 2138 idque
1218 2064 1328 2138 poste-

281 2157 395 2218 riorum
424 2159 526 2220 multis
556 2179 662 2220 reram
692 2178 760 2218 esse
784 2157 1011 2242 inscriptionem
1030 2159 1186 2242 persuasit.
1227 2155 1328 2242 Apud

281 2260 472 2340 Hesychium
490 2271 592 2322 autem
616 2261 650 2321 in
666 2260 753 2322 titulo
773 2258 922 2321 mumndo
944 2259 1068 2322 licenter
1086 2271 1234 2340 grassatos
1256 2279 1327 2322 esse

281 2361 432 2440 librarios,
454 2360 828 2440 Ruhnkeniocrederem,
857 2361 916 2436 nisi
930 2362 1084 2449 inscriptio
1110 2385 1181 2426 cum
1199 2363 1327 2448 epistola

282 2463 447 2534 atoissime
475 2467 650 2528 cohaereret
679 2476 709 2526 et
733 2465 779 2525 in·
793 2465 919 2543 singulis
945 2467 1113 2551 quibusque
1141 2465 1327 2528 conveniret.

281 2562 365 2632 Nihil
380 2564 523 2649 equidem
539 2569 571 2629 in
589 2570 675 2630 titulo
699 2567 757 2629 nisi
768 2567 952 2646 Diogeniaoi
968 2569 1158 2630 mentionem
1175 2566 1327 2630 desidero.

282 2664 401 2729 Titulus
413 2668 463 2728 hic
477 2691 545 2732 esse
560 2669 692 2732 debebat
715 2671 956 2750 ,⁸5Atoysvtevori
979 2691 1002 2734 s.
1021 2691 1053 2734 ιι.
1067 2674 1099 2752 ιλ.
1122 2666 1158 2733 ln
1178 2671 1246 2734 veie
1258 2662 1327 2750 Ἀρ.

282 2763 542 2851 -Ἡλιοσόροο
563 2773 775 2854 πληρωθεῖσα
794 2763 862 2834 ὑπὸ
882 2764 1069 2854 Ἦσοχιόο.“
1111 2771 1212 2834 Potuit
1222 2782 1329 2834 eutem

282 2871 454 2950 Hesychius
468 2875 607 2938 brevitati
617 2872 753 2951 studere,
775 2885 807 2935 et
817 2894 894 2958 quae
910 2875 1053 2937 omnibus
1070 2875 1329 2960 primoadspectu

281 2975 538 3055 perspiciebantur
565 2977 811 3060 praetennittere.
859 2976 1017 3039 Praeterea
1039 2975 1224 3057 Diogeniani
1249 2980 1331 3042 liber

282 3073 315 3134 in
325 3074 499 3136 hominurn*
509 3079 650 3138 manibus
667 3090 745 3156 erat3
773 3079 964 3162 antiquorum
987 3091 1089 3142 autem
1103 3082 1226 3143 illorum
1244 3085 1330 3144 cele-

282 3173 521 3244 bratissimerum
535 3176 670 3238 rherum
688 3180 903 3242 commentaria
923 3181 1089 3262 rarissima3
1111 3185 1246 3267 quarein
1260 3186 1332 3269 epi-

282 3279 361 3340 stola
372 3298 496 3362 quoque
507 3297 586 3342 voce
601 3272 787 3361 εὐπορήσας
800 3282 900 3359 utitur,
912 3303 946 3344 se
959 3305 996 3346 ea
1009 3296 1133 3346 nactum
1148 3308 1216 3348 esse
1228 3289 1330 3351 vehe-

282 3391 401 3443 menter
418 3379 556 3460 gavisus3
585 3380 662 3444 etin
685 3385 785 3445 fronte
805 3385 904 3469 operis
926 3406 1033 3448 eorum
1056 3387 1182 3448 nomina
1199 3389 1329 3474 repetiit,

282 3493 322 3556 ut,
328 3484 470 3549 homines
485 3483 525 3574 ad
538 3483 703 3548 eruendum
714 3485 938 3572 legendumque
949 3489 1060 3552 librum
1068 3489 1213 3552 incitaret.
1254 3490 1331 3553 Non

282 3583 437 3664 igiturest,
459 3585 541 3669 quod
553 3587 691 3672 ineptum
705 3589 1066 3671 librarian-Hesychiano
1078 3593 1177 3654 lexico
1190 3613 1226 3654 ea
1237 3614 1330 3677 prae-

282 3686 390 3756 fecisse
405 3690 533 3755 nomina
545 3709 740 3768 censearuus,
766 3704 818 3753 aut
835 3713 998 3772 negemus,
1020 3695 1331 3780 scriptorem-episto-

283 3784 375 3862 laeid
390 3789 508 3852 fecisse.
783 3811 785 3814 ·
967 3797 973 3812 “
1004 3789 1008 3795 ’
1270 3805 1276 3812 ’

369 3885 436 3950 lam
455 3911 529 3954 vero
552 3896 656 3976 quales
667 3895 728 3959 sim
745 3894 789 3954 illi
805 3893 925 3958 libri-ab
938 3894 1130 3977 Arhtamho,
1152 3898 1283 3984 Apiune
1300 3913 1334 3964 et

283 3988 453 4052 Heliodoro
473 3993 589 4075 scripti,
616 4005 647 4056 et
668 3998 706 4056 ab
727 3997 883 4077 Hesychia
903 3997 1048 4078 adhibiti,
1065 3981 1167 4066 nobis?
1179 4025 1334 4087 quaeren-

285 4093 359 4156 dum
371 4105 425 4158 est.
468 4091 515 4158 Ac
525 4093 634 4160 auditis
647 4096 743 4160 modo
766 4099 877 4162 horum
897 4097 1031 4166 virorum
1046 4105 1239 4182 nominibus,
1261 4109 1335 4190 qui-
