2918 4806
109 551 251 620 samsom
272 555 411 641 gaudeo,
439 564 523 649 quod
540 557 616 632 haec
637 569 677 635 de
689 571 885 656 Hesychiano
901 579 999 642 lexico
1020 569 1157 670 'disputo-

108 657 155 719 tio
174 657 202 720 oi
219 681 340 746 quoque
362 663 546 750 quaestioni,
568 685 645 756 quae
665 684 712 737 est
719 671 764 738 de
775 673 929 743 Athenaei
945 684 1094 768 ionhhtts,
1107 700 1156 770 et,

108 759 196 845 quod
209 781 365 828 stumnum
378 779 438 847 est,
460 767 500 832 de
520 767 651 854 ratione,
672 797 731 863 qua
744 797 826 841 =usus
839 792 884 845 est
900 782 974 864 illis,
996 786 1155 856 autumes

108 874 141 924 ta
154 866 278 928 allatura
291 879 346 930 est.
1147 883 1148 886 ¹

196 966 438 1036 Observavimus
458 975 556 1053 naim,
583 998 648 1039 non
665 999 732 1042 raro
752 984 790 1045 ab
804 979 969 1049 Athenaeo
989 983 1155 1058 alioslex‘ia

109 1069 281 1154 eugraphos
303 1091 342 1136 ex
352 1069 503 1162 Pamphili
523 1080 698 1144 auctoritate
716 1083 808 1146 citari.
851 1073 1012 1174 Propterea
1023 1095 1087 1160 iam
1101 1097 1153 1162 diu

107 1180 182 1231 ante
193 1191 251 1235 nos
263 1173 496 1259 Valckenarius,
517 1179 575 1244 Vir
593 1194 748 1264 summus,
770 1187 863 1252 libros
880 1191 1030 1274 quosdam
1050 1205 1155 1287 appel.

107 1271 200 1352 lavit,
220 1288 297 1360 quos
309 1300 373 1341 non
387 1283 425 1343 ab
446 1283 516 1368 ipso
528 1281 692 1350 Athenaeo
704 1289 873 1376 inspectos,
894 1288 950 1356 sed
971 1314 990 1358 e
1002 1295 1155 1387 Pamphili

109 1373 224 1454 magno
245 1378 322 1442 libro
345 1384 482 1462 cognitos
509 1405 577 1448 esse
600 1389 729 1469 censuit,
759 1395 811 1456 cfr.
834 1391 999 1460 Theocritt.
1027 1421 1058 1486 p.
1080 1407 1153 1470 293.

109 1471 148 1538 B.
165 1474 200 1540 G.
243 1479 398 1563 „Nullus,“
419 1487 473 1566 ait,
495 1491 803 1573 ‚,grammaticorum„
817 1517 946 1580 quorum
958 1497 998 1560 ad
1010 1521 1068 1564 nos
1081 1505 1154 1567 scri-
1217 1507 1220 1514 ’

11 1589 15 1594 ·
110 1588 162 1662 pta
183 1596 396 1666 pervenerunt,
424 1589 502 1650 mihi
521 1591 645 1676 quidem
667 1597 777 1675 legisse
792 1596 913 1661 videtur
924 1603 1102 1680 glossarium
1114 1607 1154 1669 ila

110 1679 164 1742 lud
184 1681 369 1750 Laconicum
389 1687 614 1777 Anstophanis.
639 1731 677 1742 —-
699 1696 880 1763 Athenaeus
899 1701 1015 1782 laudat,
1037 1705 1093 1768 sed
1114 1729 1154 1771 ex

108 1781 270 1869 Parnphilo
285 1793 457 1868 cognovit.“
498 1791 586 1858 ldem
599 1795 638 1859 de
654 1799 720 1861 aliis
732 1801 924 1886 scriptoribus
938 1802 1019 1866 dicio
1062 1805 1153 1886 Quae

108 1886 137 1948 si
154 1907 227 1949 vera
243 1903 322 1952 esset
332 1898 495 1976 sententia,
516 1898 649 1983 primum
660 1913 847 1986 sequeretur,
869 1901 1067 1970 Athenaeum
1083 1932 1153 1973 sae-

108 2009 149 2073 pe
167 2009 221 2054 eos
237 1992 320 2077 ipsos
338 1997 513 2062 nominasse
531 2002 702 2087 scriptores,
723 2001 868 2090 tanquam
885 2007 951 2092 ipse
968 2015 1152 2093 cognoverit,

111 2103 140 2154 et
152 2115 206 2155 sua
220 2117 259 2156 ex
271 2097 307 2158 iis
320 2099 470 2165 hauserit:
493 2099 619 2183 deinde,
642 2107 725 2168 cuius
744 2109 789 2168 rei
808 2129 911 2172 caussa
928 2113 1007 2174 hanc
1027 2133 1153 2180 ornnem

109 2195 353 2282 disquisitionem
371 2203 501 2292 institui,
528 2207 701 2292 ubieunque
720 2211 764 2272 illi
783 2210 864 2298 apud
879 2209 1076 2306 Athenaeum
1093 2237 1153 2304 no-

109 2300 278 2380 minantur,
300 2304 332 2364 in
347 2305 543 2386 Hesychlano
564 2310 662 2371 lexico
678 2313 742 2374 eius
756 2314 801 2374 rei
814 2315 941 2394 vestigia
956 2320 1036 2380 censi
1050 2335 1152 2406 posse.

108 2401 210 2465 Simul
225 2417 341 2485 autem,
364 2408 390 2469 si
408 2409 485 2470 haee
504 2412 632 2490 vestigia
647 2435 720 2475 vere
741 2415 888 2498 impressa
908 2421 1090 2502 reperimus,
1113 2443 1151 2484 eo

107 2507 207 2585 magis
220 2519 341 2570 nostrae
361 2507 399 2570 de
411 2510 605 2592 Hesychiano
618 2515 716 2576 lexico
738 2519 903 2580 sententiae
923 2521 1034 2582 veritas
1051 2524 1153 2608 omni

108 2611 166 2671 bus
184 2611 322 2673 elucebit.
365 2610 435 2674 Non
455 2615 604 2678 evitemus
622 2617 712 2696 igittu
729 2619 789 2678 hoc
810 2617 1077 2704 demonstrationis
1097 2643 1152 2703 gea

106 2731 181 2788 nus,
209 2721 241 2772 et
260 2713 393 2797 primum
409 2715 484 2800 quid
503 2716 542 2778 de
563 2705 938 2805 Aristophaue'Byzautio
959 2721 1152 2786 sentiendum

107 2814 160 2892 sit,
182 2812 326 2895 indagare
343 2816 527 2882 studeamus.

195 2915 277 2978 luter
290 2919 404 3003 primos
428 2922 511 2982 enim
532 2945 655 3003 graecos
674 2913 908 3010 glossographos
927 2925 1066 3012 splendet
1078 2925 1152 2990 Ari-

108 3021 266 3104 stophanis
278 3019 418 3101 Byzantii
434 3045 566 3104 nomen,
590 3047 682 3110 quem
693 3027 794 3089 rhum
807 3028 901 3092 luisse
913 3031 1090 3115 praestantis
1102 3031 1152 3092 in-

109 3121 208 3201 genii,
231 3143 340 3184 omnes
355 3135 473 3187 veteres
495 3137 525 3187 et
547 3129 728 3191 recentiores
746 3149 808 3191 uno
827 3151 880 3192 ore
897 3129 1029 3192 edicunt.
1072 3129 1153 3193 Nom

108 3234 227 3311 praeter
246 3227 341 3286 multa
363 3229 437 3307 alia,
461 3231 568 3315 quihus
592 3250 682 3292 suum
702 3253 818 3294 nomen
835 3233 1020 3310 nobilitavit,
1041 3233 1168 3294 librum·

108 3328 242 3412 scripsit,
262 3329 297 3388 in
312 3344 372 3413 quo
386 3330 551 3394 Laconicas
564 3351 657 3394 voces
678 3335 853 3414 collegerat,
874 3331 990 3396 Fabric.
1009 3332 1081 3396 bibl.
1098 3331 1151 3397 Gr.

107 3415 212 3506 ΕΝ,
236 3451 298 3515 cap.
317 3431 484 3514 XXXIV,
508 3433 535 3518 ᾗ.
557 3433 638 3496 XIV
644 3459 652 3513 3
675 3457 766 3518 quem
777 3436 928 3512 Wolfius,
950 3434 1152 3499 ubisummas

108 3553 157 3594 res
176 3535 340 3610 generatim
360 3538 500 3622 persequi
522 3539 660 3614 volebat,
682 3557 801 3598 summa
816 3537 924 3596 initnia
944 3535 1151 3636 praetermisit,

110 3638 162 3696 etr.
177 3633 315 3716 Prolegg.
333 3637 372 3700 ad
392 3640 486 3702 Hom.
507 3661 537 3724 p.
553 3636 725 3701 ccxvfflr
768 3637 831 3700 Sed
847 3655 911 3698 non
931 3635 983 3698 diu
996 3637 1061 3699 eius
1076 3637 1153 3734 liner

109 3739 142 3800 in
163 3727 327 3800 homintun
351 3743 491 3804 manibus
519 3741 640 3803 mansit
693 3738 816 3802 Etenim
837 3739 916 3800 inter
940 3741 1153 3820 grammaticos
1196 3801 1198 3806 ,

109 3851 179 3927 post
195 3864 268 3904 eum
290 3843 445 3924 viventes,
470 3846 579 3930 reperti
597 3855 681 3922 stult,
711 3843 762 3928 qui
783 3843 901 3922 singula
923 3859 941 3904 u
960 3843 1032 3906 viris
1055 3841 1152 3906 doctis

109 3945 328 4032 scriptawlexica
341 3946 374 4008 in
390 3967 486 4010 umam
501 3961 612 4032 corpus
627 3946 808 4039 conitrngere
826 3945 907 4023 tusi,
931 3945 1069 4032 inprimis
1089 3945 1154 4008 etus

110 4045 221 4110 librum
237 4051 435 4134 'occuparent
479 4048 552 4130 Quo
575 4052 673 4128 facto,
695 4059 729 4111 ut
753 4043 819 4110 eius
836 4049 995 4111 vohuuinu
1009 4047 1155 4126 'negligo'

110 4151 426 4229 teuuu5sliece1unt.
468 4151 722 4239 istumistun
745 4161 776 4213 ἃ
797 4149 1004 4233 fflfll'ihimv
1025 4155 1172 4234 ‘iuorum
1253 4158 1260 4169 ⁸

903 4247 947 4316 ,r
