2894 4816
394 447 399 455 ο

173 531 177 536 ’
285 545 376 610 nimis
388 539 535 610 absurde
548 551 636 612 esset
657 539 746 606 Alias
758 539 851 623 igitur
864 536 997 608 rationes
1010 545 1199 628 quaeramus.
1218 532 1332 606 Ἄνευ·

287 652 358 730 priv
371 648 412 709 ita
427 647 541 710 dictim
554 657 617 730 est,
638 657 747 710 utnon
762 644 802 708 de
815 644 913 728 libris,
935 644 992 708 sed
1005 643 1045 708 de
1060 645 1187 708 vocibus
1201 644 1334 729 scriptor
1444 613 1445 662 l

287 751 434 832 cogitasse
452 749 597 813 videatiu.
643 744 919 831 Περιεργάζεσθαι
938 747 1016 808 nihil
1033 759 1079 810 est
1100 743 1161 810 hoc
1178 748 1248 809 loco
1262 749 1334 807 for·
1444 821 1445 824 Ἴ

285 863 382 930 tasse,
403 851 461 914 nisi
481 850 639 931 diligenter
657 871 763 931 agere,
785 872 876 936 quare
898 851 932 912 in
951 850 1031 910 hanc
1049 849 1334 934 interpretationem

286 958 450 1024 verborum
467 952 645 1016 incidimus:
674 952 869 1031 „dummodo
890 973 1052 1038 pauperes,
1074 951 1232 1031 diligenter
1252 950 1333 1014 actis

282 1060 376 1120 rebus
399 1056 567 1136 [diligenter
581 1057 666 1119 lectis
679 1047 882 1141 scriptoribus]
896 1056 972 1116 haec
985 1053 1050 1141 ipsa
1072 1051 1160 1140 [quae
1176 1055 1331 1134 nesciunt]

286 1157 420 1243 undique
442 1161 566 1220 collecta
583 1157 713 1243 reperire
734 1169 764 1219 et
778 1169 886 1219 tenere
898 1169 1032 1243 possent.
1076 1156 1139 1220 Sed
1154 1155 1333 1242 quomodo-

288 1281 405 1344 cunque
424 1260 569 1344 epistolae
591 1260 774 1345 scriptores
796 1257 922 1344 ceperit,
943 1259 1138 1324 hauddubie
1162 1281 1180 1322 a
1200 1253 1334 1323 reritate

288 1362 445 1425 aberravit.
489 1358 592 1440 Quare
614 1383 671 1440 age
689 1382 806 1425 novam
825 1357 1103 1446 interpretationem
1121 1365 1221 1424 lacere
1234 1373 1334 1424 cone-

286 1484 369 1544 mur,
391 1485 468 1549 quae
485 1464 513 1526 si
526 1462 627 1528 verior
640 1476 700 1546 cst,
720 1486 739 1528 a
753 1461 967 1556 lexicographo
988 1483 1053 1524 non
1067 1461 1168 1527 licebit
1189 1466 1282 1526 multa
1300 1473 1335 1524 et

284 1589 398 1648 magna
411 1589 540 1653 sperare.
717 1641 722 1654 ι

213 1661 221 1668 ’
372 1655 460 1736 Duae
479 1671 568 1750 igitur
586 1681 686 1757 partes
706 1643 979 1758 vocabuli,⁰qu1un
999 1691 1067 1736 sese
1086 1665 1216 1759 prodant
1232 1667 1333 1752 ipsae,

287 1773 437 1857 quaeritur
446 1773 588 1858 primum,
602 1773 675 1859 quid
682 1775 819 1854 singulae
825 1774 1002 1854 significent.
1023 1772 1073 1835 Ac
1082 1767 1250 1852 περιεργία
1260 1770 1332 1854 qui-

288 1874 361 1937 dem
375 1876 585 1955 curiositatem,
600 1876 938 1961 seueritatem-nimiam
948 1876 1234 1956 diligentiamnotat.
1252 1870 1333 1948 „Est

288 1979 411 2056 etiam,“
432 1979 474 2039 ait
488 1975 717 2056 erinctilianus,
740 1977 812 2040 lost.
829 1975 1025 2057 orantur,
1041 1985 1070 2044 3·
1093 1997 1188 2062 „quae
1201 1993 1332 2055 περιερ-

287 2078 344 2162 yla
356 2091 498 2157 vocatur,
521 2101 720 2166 supervacua,
742 2090 776 2139 ut
792 2079 835 2140 sic
851 2077 989 2159 dixerim,
1012 2079 1208 2168 operositas.“·
1247 2075 1333 2140 Dio-

288 2183 409 2262 geniani
422 2193 525 2244 autem
538 2193 629 2259 aetas,
652 2202 746 2266 quum
758 2181 791 2242 in
802 2181 979 2263 scccmdum,
1001 2196 1034 2245 ut
1051 2183 1232 2258 videbimus,
1259 2201 1332 2242 sae-
1444 2205 1445 2218 ¹

288 2286 390 2347 culum
408 2282 536 2363 incidat,
557 2285 635 2347 nihil
656 2295 702 2348 est
723 2283 813 2346 nobis
831 2285 966 2364 navius,
987 2286 1047 2350 nisi
1065 2284 1188 2348 Aeliani
1208 2282 1332 2346 dicendi

279 2386 373 2464 ratio,
395 2382 435 2447 ad
446 2385 577 2451 eandem
592 2397 723 2449 aetatem
735 2385 920 2472 pertinentis.
940 2387 1013 2452 Eius
1028 2410 1119 2452 usum
1132 2399 1233 2452 autem
1248 2386 1331 2472 opti·
1443 2461 1444 2464 Ἴ

286 2510 339 2550 me
355 2489 517 2574 explicarit
533 2487 708 2552 Perizonius
728 2488 769 2552 ad
783 2488 824 2552 V.
844 2490 884 2551 Η.
898 2488 938 2568 lI,
953 2488 1004 2553 44.
1024 2484 1332 2574 ,,ῌερι1ργάζεσθαι

287 2592 369 2654 enim
383 2593 503 2678 proprie
517 2603 564 2654 est
577 2614 710 2656 summa
727 2603 760 2657 et
776 2613 892 2678 paene
902 2589 1088 2658 inamodicu
1102 2613 1184 2656 curu
1198 2590 1332 2678 aliquid

276 2691 412 2780 facere.
434 2733 473 2743 -
496 2695 576 2758 Hinc
591 2717 680 2774 vero,
703 2697 773 2780 quia
792 2715 885 2757 omne
900 2695 1032 2758 nimium
1049 2681 1139 2758 vertit
1150 2696 1331 2780 plerumque

285 2797 319 2858 in
333 2797 456 2873 vitium,
478 2793 653 2877 περίεργον
666 2809 771 2860 notare
785 2798 877 2860 etiam
892 2799 990 2884 coepit
1005 2785 1240 2884 supervacuum,
1260 2798 1331 2860 ina-

286 2919 343 2976 ne,
366 2897 541 2982 qualequid
563 2899 596 2959 in
608 2899 774 2962 immodica
790 2901 891 2963 inesse
904 2903 983 2964 solet
995 2901 1084 2961 cura“
1106 2903 1193 2961 cett'
1219 2896 1331 2977 Quan-

287 3011 451 3084 quamquo
462 2997 558 3060 modo
571 2997 720 3065 Aelianus
735 3023 813 3068 voce
825 3000 929 3084 utitur,
952 2999 1085 3066 eundem
1100 3023 1207 3065 omnes
1220 3013 1330 3066 tenue-

286 3122 320 3163 re
334 3099 442 3164 Graeci
456 3101 624 3187 scriptores.

374 3199 483 3287 Πένης
501 3195 573 3288 quid
586 3204 747 3284 significet,
769 3229 832 3270 non
852 3209 953 3275 minus
967 3221 1075 3274 notum
1087 3221 1158 3290 est3.
1169 3229 1268 3294 neque
1280 3211 1330 3272 la-

285 3315 344 3387 tet,
367 3329 426 3393 qua
449 3307 566 3369 ratione
581 3328 651 3368 cum
670 3307 844 3392 περίεργον
863 3313 1069 3392 coniungatur.
1115 3309 1227 3394 Πένης
1242 3312 1330 3374 enim

286 3408 368 3497 apud
383 3407 531 3488 Graecos,
553 3419 587 3470 ut
606 3409 688 3494 apud
707 3412 832 3476 latinos
854 3436 983 3501 pauper,
1011 3418 1064 3478 cfr.
1078 3415 1153 3476 Hor.
1167 3412 1231 3476 Sat.
1243 3411 1276 3490 I,
1299 3419 1328 3492 1,

286 3517 337 3576 79.
359 3512 403 3591 H,
420 3518 456 3591 3,
477 3511 548 3577 142.
569 3514 657 3590 alibi,
680 3516 859 3578 construitur
870 3517 1023 3580 interdum
1036 3538 1105 3579 erun
1119 3516 1270 3597 genitivo,
1293 3527 1331 3577 ut

287 3607 386 3696 πένης
400 3609 575 3698 χρημάτων
588 3636 636 3702 ap.
651 3614 754 3705 Eurip.
769 3618 878 3683 Electr.
893 3641 924 3684 v.
939 3626 989 3684 37.
1010 3623 1064 3684 cfr.
1079 3619 1188 3682 March.
1202 3615 1254 3682 Gr.
1273 3615 1328 3683 Gr.

285 3735 316 3798 p.
332 3717 395 3778 662
409 3737 491 3802 seqq.
535 3716 629 3780 Adde
652 3719 821 3784 Lucianum
832 3743 887 3806 pro
910 3720 1044 3784 merced.
1067 3720 1218 3784 conductt.
1235 3742 1260 3810 c.
1277 3725 1328 3786 11.
1437 3729 1438 3732 ’

285 3809 383 3896 ,,οὐᾶ’
412 3809 504 3899 ἡμεῖς
532 3815 619 3883 οὕτω
648 3817 784 3904 πένητες
811 3818 953 3904 εὐλόγου
971 3817 1181 3906 αἰτιολογίαιςι
1208 3821 1330 3902 ,Quare

285 3935 349 3978 non
367 3917 507 3995 fallimur,
529 3918 628 4001 credo,
650 3924 901 4004 siconiungimus
914 3921 1092 4008 περιέργου
1113 3920 1258 4009 πένητες,
1278 3949 1332 3989 re-

284 4039 352 4080 rum
371 4039 624 4105 supervacuarum
643 4046 800 4111 pauperes.
843 4022 908 4103 Qui
922 4027 1004 4091 enim
1024 4051 1081 4092 suo
1101 4029 1161 4095 hoc
1175 4040 1333 4093 uterentur

284 4120 397 4199 libello,
419 4142 474 4184 eos
488 4142 556 4187 esse
567 4125 664 4188 voluit
676 4149 741 4190 non
753 4125 837 4190 inani
848 4147 949 4191 rerum
962 4129 1101 4215 pondere
1112 4147 1249 4216 pressos,
1272 4132 1332 4195 sed
