2894 4816
308 313 355 377 38

308 480 348 546 Is
361 481 492 546 Vossius
502 482 666 546 litterarius
677 483 788 546 seriem
799 493 918 547 serulus
934 495 1014 550 recte
1028 480 1352 566 saludpeucorrexit.

310 583 468 648 I’reelereu
481 605 551 646 eam
566 584 842 669 interprelutionsm
855 589 912 650 sub
926 609 1004 651 voce
1017 590 1131 669 ταῦρος
1143 589 1255 654 dictum
1276 593 1355 658 suis-

186 703 190 710 '
310 707 360 764 se,
381 687 582 772 suspicamur,
604 688 674 772 quia
689 688 734 749 ibi
761 690 917 770 „uoipoff
939 683 959 754 ὁ
981 689 1189 770 ταλαίπωρος
1203 695 1355 778 scriptum

311 799 372 866 est,
395 787 439 868 ll,
461 811 499 874 p.·
514 793 603 852 1092.
632 787 825 874 Eodemque
843 790 1026 856 trahendum
1045 793 1161 863 ibidem
1190 799 1353 874 μετρεῖν,

310 884 479 970 κηδεύειν,
502 893 647 954 πενθεῖν.
692 886 858 972 Πορητύς-
873 893 1097 976 ταλαιπωρία,
1120 890 1246 971 πένθος
1266 909 1298 959 et
1313 899 1353 960 si-

309 994 402 1055 milia.
447 991 541 1072 Quod
558 995 595 1055 in.
610 995 673 1054 fine
694 993 831 1058 additum
849 1007 909 1074 est,
932 997 971 1060 de
992 1018 1071 1063 voce
1089 993 1202 1080 κούρα,
1223 997 1264 1060 ad
1275 998 1359 1090 Dio-¹

310 1095 473 1174 geuiamun
487 1098 598 1157 referre
612 1117 676 1156 nou
694 1097 839 1176 cogimur.
881 1098 987 1184 Neque
999 1100 1097 1165 audeo
1111 1124 1181 1164 uum
1194 1102 1353 1164 Hemster·

309 1197 399 1258 husio
413 1194 451 1257 ad
465 1196 541 1260 Plut.
553 1217 584 1260 v.
597 1201 648 1262 33.
662 1219 797 1276 sumere,
818 1221 929 1264 vocem
948 1203 1082 1278 πιύννα,
1102 1198 1191 1286 λύπη
1212 1206 1274 1268 hue
1292 1215 1352 1266 tre-

309 1283 544 1362 bendumesse:
565 1321 737 1384 quenquam
747 1300 891 1366 Albertus
900 1320 1042 1368 assensus
1055 1315 1109 1370 est.
1144 1307 1250 1386 Longe
1265 1327 1352 1393 prue-

310 1401 376 1460 sero
389 1399 528 1485 Sopingii
541 1412 571 1462 et
582 1401 702 1465 Puuwii
713 1404 862 1467 rationem
879 1409 972 1491 praef.
989 1406 1029 1469 ud
1040 1403 1151 1490 Pbryn.
1164 1431 1194 1494 p.
1201 1407 1252 1474 40.
1296 1411 1352 1472 His

308 1503 397 1581 igitur
415 1501 588 1590 disputalis,
600 1525 675 1578 ,rem
695 1523 757 1566 uon
777 1507 848 1570 salis
868 1518 1003 1572 accurate
1023 1510 1056 1572 iu
1071 1523 1176 1574 nostro
1196 1511 1351 1592 Hesychia

310 1625 481 1689 superesse,
512 1605 568 1668 sed
585 1607 706 1686 lucum,
734 1607 787 1669 ubi
808 1606 922 1672 dictum
938 1610 1011 1689 fuit,
1029 1611 1167 1676 iudicari
1188 1637 1280 1700 posse
1298 1635 1352 1701 ap-

268 1702 273 1705 ’
309 1717 417 1791 paret.
972 1705 975 1714 ’

241 1793 247 1799 ’
393 1807 430 1870 In
447 1809 496 1872 his
510 1820 615 1872 autem
624 1810 763 1874 noudum
775 1813 845 1876 licet
857 1815 1053 1900 acquiescere.
1087 1819 1255 1906 Supersunt
1269 1821 1352 1886 euim

308 1911 341 1972 iu
363 1909 585 1992 Etymologico
599 1915 713 1994 lllugno
738 1914 799 1976 loci
819 1915 903 1978 haud
926 1920 1029 2002 pauci,
1049 1921 1090 1984 iu*
1107 1925 1215 2008 quibus
1234 1944 1352 1986 ,nomen

217 2016 219 2026 ’
309 2011 492 2092 Diogeniuni
503 2026 555 2074 uut
569 2027 692 2100 propter
706 2026 796 2078 notus
808 2019 1065 2105 tachygrephicus,
1087 2028 1195 2110 quibus
1205 2027 1238 2087 in
1248 2027 1352 2088 nomi-

309 2115 399 2176 nibus
412 2117 445 2176 in
457 2134 539 2187 αυος
553 2112 740 2180 exeuntibus
752 2119 864 2180 librarii
877 2132 1013 2201 utuntur,
1037 2139 1209 2214 corruptum
1222 2139 1252 2190 et
1263 2128 1350 2190 nobis

309 2214 527 2276 restimeudum
551 2226 610 2293 est,
636 2227 688 2276 sut
705 2220 764 2280 aliu
792 2221 930 2286 eiusdem
953 2229 1086 2292 nominis
1112 2233 1212 2294 forma
1237 2240 1350 2312 regunt.

308 2312 376 2376 lam
399 2316 532 2400 primum
548 2338 573 2380 s.
593 2338 624 2381 v.
644 2311 808 2408 ύῖνεταιρ.
830 2323 905 2403 104,
928 2331 978 2391 39.
999 2330 1075 2394 husu
1093 2334 1234 2414 leguntur
1252 2328 1350 2416 ,J'rllp

309 2413 371 2492 νύξ
397 2412 526 2482 ἄνεται·
565 2422 760 2508 τελειοῦται·
790 2424 825 2490 ἐκ
855 2429 918 2492 τού
945 2423 1017 2496 ἅνω
1042 2437 1105 2498 τού
1132 2434 1351 2520 σημαίνοντος

309 2511 560 2600 τύπρύτταιιαὶ
575 2525 692 2589 selesei.
738 2527 931 2610 διογενία
951 2531 1254 2620 τροςέρχεται”“
1277 2559 1351 2624 quus

309 2631 372 2684 tots
395 2626 494 2703 glossa
512 2646 529 2686 u
548 2627 647 2688 lexico
676 2625 818 2693 Gudiuuo
841 2636 937 2696 abest.
986 2634 1052 2701 lum
1069 2638 1151 2703 Frid.
1174 2639 1350 2722 Sylburgius

308 2725 411 2787 locum
435 2728 577 2806 tentavit,
604 2730 826 2817 legendumque
850 2736 1033 2801 existimarit
1056 2745 1107 2805 rel
1133 2739 1351 2826 Διογενιανός

309 2829 360 2888 vel
380 2825 556 2910 Διογένης,
577 2831 611 2893 in
629 2843 705 2894 nott.
725 2833 765 2894 ad
779 2833 881 2916 Etym.
899 2836 943 2900 M.
956 2861 986 2922 p.
1007 2840 1052 2922 5.;
1075 2859 1237 2932 nostreque
1255 2859 1350 2910 aetate

309 2923 445 3005 Bestius,
466 2932 716 3019 palaeogrepluue
733 2937 839 3020 periliu
856 2937 1030 3006 subductus
1047 2947 1180 3030 priorem
1199 2952 1350 3012 coniectu-

310 3046 376 3087 ram
392 3031 531 3112 praemiis
548 3031 587 3093 ad
600 3029 690 3114 Greg.
704 3033 839 3100 Corinth.
857 3063 887 3124 p.
902 3039 991 3106 242:
1016 3044 1073 3110 Ait
1092 3051 1182 3130 igitur
1198 3073 1349 3132 gramma-

308 3130 385 3191 ricus
413 3177 432 3208 „
440 3130 657 3214 Διογενιανὸς
678 3135 931 3220 προςέρχειαι,“
952 3146 1015 3210 ie.
1035 3145 1159 3216 aceedit.
1201 3154 1350 3236 lnHesy-

310 3231 379 3293 chio
400 3245 502 3294 eutem
522 3237 689 3320 reperimus
717 3232 871 3317 ,,ύνεται·
902 3239 1038 3314 ἀνύεται
1058 3253 1116 3318 καὶ
1137 3250 1349 3320 ἀναλοῦταϋ*

309 3332 543 3398 ubiBernardus
565 3339 692 3404 coniecit
713 3338 794 3418 „nai
815 3347 1012 3430 τελειοῦται,
1034 3353 1207 3443 comparato
1222 3358 1349 3441 Didymi

206 3516 208 3522 Ι
308 3435 434 3500 Scholio
453 3438 494 3504 ed
515 3437 601 3501 Iliad.
620 3441 663 3504 K.
681 3442 755 3508 251.
799 3444 878 3509 Eum
899 3454 1102 3520 coniecturam
1121 3463 1191 3524 licet
1208 3483 1280 3524 cum
1291 3460 1349 3524 Al-

254 3608 257 3613 ,
308 3540 394 3600 berto
419 3542 644 3628 improbemus,
675 3555 776 3610 lumen
799 3553 1046 3620 nullu1nolesria
1071 3556 1255 3646 premimur,
1281 3563 1348 3650 quia

309 3633 444 3704 ἀνύεται
465 3667 571 3730 perse
593 3649 717 3727 sullicit,
743 3652 880 3738 aliusque
902 3659 1020 3736 glossae
1041 3663 1156 3738 eedem
1165 3668 1283 3728 ratione
1296 3688 1348 3728 ex-

308 3741 469 3825 plicantur,
492 3741 571 3830 ἄνη,
602 3745 720 3827 ἄνυσις
742 3751 799 3816 ναὶ
820 3755 954 3838 πρᾶξις,
981 3760 1013 3840 Ι,
1042 3787 1072 3850 p.
1088 3747 1190 3848 ms,
1207 3763 1346 3836 Ἀνοῖτο·

309 3837 462 3920 α’νύοιτο,
487 3853 640 3917 τελειοῖτο
663 3865 693 3916 et
713 3855 799 3917 oliae.

395 3944 484 4024 Quae
495 3971 591 4034 quum
604 3955 645 4016 itu
660 3957 728 4033 sint,
751 3959 893 4024 omnibus
913 3962 944 4024 in
960 3966 1044 4045 locis,
1066 3967 1099 4030 iu
1111 3971 1219 4054 quibus
1231 3971 1348 4052 Dioge-

309 4070 367 4113 ues
386 4061 599 4130 memoratur,-
622 4068 672 4116 aut
696 4059 805 4122 vilium
831 4065 956 4129 subesse
983 4079 1014 4130 et
1042 4073 1138 4138 uoslri
1166 4073 1348 4156 Diogeuioui
