2894 4816
1101 393 1142 458 21

183 550 331 620 Proxime
346 553 426 616 hene
448 554 631 619 sententiam
651 575 756 620 meam
775 553 901 620 accessit
914 551 941 618 l.
957 553 1000 620 Α.
1013 553 1143 636 Ernesti,

93 654 150 740 qui
169 653 432 744 in'dissertetione
451 653 490 720 de
513 653 740 724 Glossariorum
759 653 963 738 Graeeomm,
984 658 1018 722 iu
1038 656 1143 744 pn’mis

92 758 246 840 Hesychii
259 777 333 822 vera
349 756 454 820 indole
473 769 504 828 et
515 771 598 822 recto
618 781 676 823 usu
693 761 725 822 in
744 759 990 846 interpretatione
1003 780 1032 825 e.
1051 758 1142 828 1742.

94 857 194 937 edita,
218 858 302 922 cuiue
324 861 417 924 verbe
436 881 536 945 neque
558 859 705 926 Albertus
727 881 826 946 neque
839 858 1040 942 Ruhnkenius
1054 881 1143 924 eeeu-

94 970 162 1022 rete
181 960 328 1040 legerunt.
371 959 489 1047 Accipe
508 963 573 1026 eius
593 965 688 1030 verbe
730 961 798 1042 „Ex
822 983 863 1025 eo
884 982 997 1044 genere
1010 963 1142 1026 suntille

95 1073 253 1140 veterum,
281 1058 382 1144 λέξεις
401 1075 432 1126 et
460 1065 608 1147 γλῶσσαι
650 1064 795 1142 Homeri,
824 1062 971 1146 Hesiodi,
998 1065 1143 1146 Platonis,

95 1165 307 1250 Hippocratis,
330 1164 496 1229 Oratorum
515 1164 706 1246 Atticorum,
728 1187 857 1254 querum
875 1168 1038 1260 pleraeque
1049 1164 1144 1230 inter-

98 1266 245 1330 ciderunt.
271 1305 312 1322 -.
335 1269 404 1346 ¹Hes
427 1290 535 1333 omnes
557 1280 660 1336 autem
682 1269 845 1355 seperatim
859 1279 950 1332 antea
963 1265 1059 1332 editas
1074 1277 1145 1356 post

97 1368 300 1450 Diogenieni,
328 1369 513 1456 Zopyrionis
535 1383 566 1434 et
582 1371 735 1458 Pamphili
756 1391 868 1456 opere,
886 1380 1025 1460 tempore
1045 1366 1144 1430 incer-

97 1485 166 1536 tum
179 1483 226 1536 est
241 1493 301 1557 quo
314 1473 347 1535 in
360 1495 457 1536 unum
473 1495 581 1560 corpus
595 1472 720 1555 digessit
733 1484 765 1538 et
776 1472 880 1536 multis
896 1493 936 1548 ex
952 1467 1038 1534 omni
1050 1471 1145 1538 libro·

98 1598 169 1640 rum
190 1596 315 1656 genere,
338 1577 431 1648 etiem
451 1575 575 1652 esacris
595 1575 750 1660 utriusque
770 1568 906 1664 foeden's
923 1581 953 1645 et
972 1567 1145 1640 eTheolo-

100 1701 210 1762 gerum
229 1689 369 1742 veterum
388 1678 471 1752 libris
498 1677 632 1764 repetitis
652 1678 735 1740 auxit
749 1674 942 1770 Hesychius,
958 1671 1145 1738 Alexandri-

99 1802 160 1844 nus
181 1780 420 1860 grammaticus“
443 1790 511 1842 cett.
532 1780 567 1841 iu
586 1780 695 1864 qusssus
715 1767 868 1866 Pamphili
884 1775 1076 1842 mentionem
1096 1773 1147 1836 in·

100 1886 212 1946 iectem
226 1903 294 1945 esse
305 1882 506 1950 vehementer
518 1878 696 1964 gaudemus.

184 1982 410 2066 Aggrediamur
427 1984 518 2064 igitur
538 2003 616 2070 opus
638 1993 793 2062 nostrum,
823 1991 855 2068 et
873 1997 970 2065 quum
988 1985 1086 2038 totam
1107 1971 1165 2055 de¹

98 2086 201 2149 lexico
216 2085 412 2167 Hesychieno
435 2085 672 2172 disputationem
691 2085 824 2174 epistole
846 2080 887 2145 ad
898 2078 1062 2160 Eulogium
1074 2075 1148 2162 scri-

98 2201 155 2278 pte
168 2199 314 2274 tanquam
332 2187 533 2250 fundamento
557 2187 614 2250 niti
626 2186 786 2278 videamus
803 2206 873 2249 eam
885 2184 1019 2272 primum
1029 2189 1148 2266 repeta-

99 2314 189 2372 mus3
206 2290 353 2354 adiunctis
373 2293 471 2370 notis,
491 2292 524 2354 in
546 2291 654 2375 quibus
677 2289 716 2352 de
736 2288 862 2370 singulis
882 2284 958 2378 locis
972 2282 1147 2369 disputatur.

99 2394 186 2458 Exiit
200 2405 303 2457 autem
320 2396 372 2458 ille
384 2395 528 2482 epistola,
549 2403 583 2454 ut
602 2393 726 2480 opinor,
749 2394 788 2456 ab
808 2386 957 2475 Hesychii
974 2407 1068 2452 manu
1088 2385 1149 2448 hoc
1167 2401 1169 2408 ’

100 2504 169 2566 iere
181 2497 288 2562 modo.
