2894 4816
1097 355 1149 422 mc

1144 405 1150 425 Ι

98 517 178 580 dem
201 515 397 582 nominativis
422 519 515 581 utitur
549 515 677 599 „utcu
703 514 950 596 παντοδαπαί,“
985 518 1042 584 secl
1074 507 1166 600 τοοκ,ι

97 619 164 680 abit
185 630 288 682 eontra
307 641 434 684 omnem
454 622 706 685 consuetudinem
727 633 863 683 succinet
882 632 984 684 contra
1000 625 1083 702 leges
1100 621 1148 684 di-

99 717 190 780 cendi
211 717 251 782 ad
271 725 459 788 accusativos
490 717 732 807 ,,άναγρωφήν,
761 717 994 806 σνναγωγήν.“
1036 723 1073 788 ln
1097 725 1146 789 his

98 821 190 901 igino
201 843 348 903 magnum
362 827 472 890 vitium
482 825 714 896 subodoramur.

184 923 360 990 Intervan'a
375 939 478 990 autem
488 929 633 992 vitiorum
654 949 780 1009 genera,
799 949 878 1015 quae
900 926 1014 991 Suidae
1034 929 1146 998 librum

98 1029 240 1112 polluunt
261 1039 292 1090 et
310 1049 435 1107 omnes,
457 1030 510 1115 qui
527 1053 565 1092 eo
585 1031 629 1092 uti
652 1032 793 1115 cupiunt,
815 1031 950 1094 maxime
964 1029 1148 1115 huliediunt„

97 1131 270 1212 frequenter
288 1129 458 1194 admissum
477 1131 553 1193 illud
571 1143 630 1209 est,
653 1153 714 1216 qno
734 1153 814 1216 quae
827 1130 866 1193 de
885 1153 963 1194 voce
981 1133 1080 1216 aliqua
1092 1144 1145 1194 aut

98 1229 219 1293 devino
234 1231 340 1296 illustri
352 1233 431 1296 dicta
448 1245 534 1313 sunt,
557 1255 576 1295 a
595 1255 652 1296 suo
671 1236 740 1295 loco
762 1233 968 1296 distrahuntur
983 1245 1013 1295 et
1026 1235 1059 1296 in
1069 1235 1144 1296 alie-

97 1337 430 1412 num,nansfenma1r.‘
482 1335 528 1398 lta
557 1333 772 1420 Aristophanis
800 1336 987 1415 granmnatici
1011 1337 1073 1420 vita
1102 1358 1143 1399 ex

97 1446 182 1520 parte
205 1447 269 1498 erat
287 1435 489 1522 Auistonymo
512 1436 667 1515 adiuncta,
695 1449 730 1498 ut
750 1437 870 1502 ostendi
888 1438 921 1500 in
938 1435 1144 1512 Commentaa

32 1547 41 1566 ·
98 1536 137 1598 de
157 1535 317 1624 Auistoph.
340 1540 413 1614 Vita
432 1564 463 1626 p.
488 1539 569 1604 CVI.
611 1538 660 1602 llli
678 1551 781 1602 autem
801 1542 960 1625 exemplo,
981 1537 1065 1624 quod
1077 1540 1144 1624 pri·¹

96 1660 166 1702 mus
179 1639 351 1720 indignam,
374 1644 534 1704 occasione
546 1642 616 1704 data
629 1663 708 1703 nunc
724 1642 787 1706 duo
805 1644 863 1706 alia
881 1641 1034 1704 adiiciam.
1075 1641 1143 1707 Pria

97 1762 183 1804 mum
197 1740 236 1804 de
249 1743 431 1823 Hegemone
444 1743 527 1828 apud
543 1743 671 1806 Suidam
683 1746 760 1806 haec
773 1745 942 1834 reperimus
963 1737 1140 1826 ,,Ἡγήμων

96 1839 116 1906 δ
144 1837 284 1922 Θάσιος,
313 1839 332 1909 δ
366 1840 554 1928 ἐπικληθεὶς
583 1846 685 1928 φωνή.
726 1837 888 1928 Ἡγήμων.
921 1842 1140 1929 Δημοσθένης

97 1942 133 2013 ἐν
163 1949 210 2034 τῷ
239 1943 323 2028 ὑπὲρ
352 1948 605 2032 Κτησιφῶντος·
639 1939 685 2021 εἶς
706 1932 749 2028 ήν
770 1948 837 2010 τῶν
858 1939 1166 2029 μακεδονιζόντων

96 2045 151 2114 aul
178 2051 243 2112 τῶν
271 2043 323 2113 tat
354 2049 541 2135 δωροδοκίᾳ
561 2030 842 2130 διαβεβλημένων·
871 2049 939 2112 τῶν
960 2041 1139 2131 δραμάτων

96 2143 204 2215 αὐτοῦ
225 2142 293 2216 ἐστι
317 2151 468 2225 mallono,
490 2145 536 2228 oie
554 2143 730 2233 Ἀθήναιος
752 2145 790 2214 ἐν
809 2152 1139 2234 Δειπνοσοφιστνῐρ.“

96 2250 186 2331 Quae
203 2253 255 2338 qui
272 2254 406 2339 primum
427 2255 515 2336 legit,
536 2276 601 2327 non
616 2265 718 2339 potest
727 2253 787 2316 nisi
798 2275 934 2332 censere,
957 2253 997 2316 de
1016 2253 1140 2325 duobus·

95 2356 272 2430 hominibus
291 2377 465 2420 sennonem
483 2360 567 2434 esse’,
590 2355 709 2419 diversa
726 2366 823 2418 aetate
841 2357 1029 2436 viventibus,
1057 2380 1138 2443 quo--¹

95 2479 164 2520 rum
179 2458 288 2543 prioris
308 2480 478 2540 cognomen
499 2469 529 2520 et
544 2457 688 2542 patriam,
712 2459 886 2542 posterioris
897 2433 1076 2522 indolem‘ot
1089 2481 1137 2526 ar·¹
1173 2537 1180 2549 ⁸

94 2573 158 2627 tem
170 2559 324 2624 discimus.
366 2559 413 2622 Aa
424 2571 543 2623 tantum
556 2560 661 2636 abest,
679 2567 713 2618 ut
724 2559 784 2620 hoc
803 2575 911 2621 verum
923 2561 978 2637 sit,
997 2572 1033 2621 ut
1044 2563 1138 2645 plane

96 2664 242 2732 cantuaria
259 2683 335 2724 mox
359 2673 487 2748 occupet
509 2661 645 2744 aninum
668 2658 826 2732 sententia,
873 2657 1029 2722 Athenaei
1054 2660 1137 2722 enim

94 2766 187 2828 libros
198 2767 390 2846 evolventes,
412 2764 523 2843 LXV,
544 2786 575 2850 p.
596 2766 672 2828 699.
698 2783 728 2822 a.
753 2761 797 2822 ibi
818 2782 881 2824 non
902 2760 962 2828 dici
980 2757 1018 2822 de
1034 2761 1138 2840 Hegea

94 2889 204 2945 mone,
225 2868 277 2952 qui
297 2865 515 2938 Demosthenis
534 2874 632 2928 aetate
648 2864 739 2942 visit,
761 2861 816 2924 sed
838 2860 877 2926 de
889 2860 1004 2928 Thasio
1024 2864 1136 2926 intelli·

93 2976 205 3055 gimus.
229 2972 260 3035 Is
277 2972 470 3056 enimquum
489 2979 577 3031 antea
596 2974 851 3034 commemoratus
873 2975 954 3028 essct
973 2960 1050 3043 ‚acal
1069 2965 1136 3028 τάν

92 3066 170 3139 κατ’
197 3065 300 3138 αὐτόν
321 3067 477 3156 Ἡγήμων
497 3062 516 3134 ὁ
541 3062 682 3145 Θάσιος,
705 3060 745 3130 δν
766 3059 909 3132 ἐκάλουν
930 3067 1070 3149 φωνήν(ι
1101 3089 1134 3151 ρ,

95 3180 173 3256 698,
197 3198 228 3256 c3
259 3177 392 3262 pergitur
408 3195 431 3236 a
448 3173 593 3259 scn'ptore
609 3175 631 3235 1.
650 3173 671 3234 l.
697 3164 867 3252 ,γέγραφε
889 3165 925 3234 δὲ
945 3167 1001 3234 acl
1022 3188 1136 3253 κωμῳι.

95 3278 172 3344 δίαν
199 3278 245 3354 εἰς
271 3273 333 3342 τάν
359 3272 498 3358 άργαῖον
529 3269 673 3355 τρόπον,
703 3266 746 3354 ήν
775 3262 997 3354 ἐπιγράφουσι
1024 3268 1135 3354 ‹pullu-

94 3381 190 3466 ντγν.·ιι
202 3379 269 3444 lam
281 3381 425 3464 quoniam
438 3378 549 3441 Suidas
559 3376 600 3438 ad
606 3375 868 3438 Athenaeumnos
876 3376 1015 3453 ablegata
1027 3373 1135 3437 vitium

96 3507 157 3547 non
184 3503 252 3543 esse
274 3481 425 3564 scriptoris
444 3478 500 3541 sed
519 3479 710 3541 librariorum
730 3477 874 3560 sequitur.
922 3476 1022 3538 Locus
1047 3473 1137 3552 igitur

94 3589 134 3650 ita
147 3580 350 3648 uestimendus
364 3580 435 3642 erit:
457 3573 628 3661 ,,Ἡγήμων
643 3571 661 3640 δ
676 3571 815 3650 Θάσιος·
838 3573 857 3642 ὁ
871 3571 1058 3658 ἐπικληθεὶς
1072 3590 1136 3658 φ’ω-Ι
1170 3645 1177 3659 ‚

96 3689 153 3773 νή·
175 3686 245 3750 τοῖν
265 3675 444 3766 δραμάτων
458 3673 569 3746 αὐτοῦ
591 3675 659 3744 ἐστι
675 3675 829 3754 eutoso,
852 3670 898 3750 uic
918 3670 1091 3761 Ἀθήναιος
1111 3674 1135 3750 δ,

96 3794 135 3855 Δ.
152 3782 307 3872 Ἡγήμων
327 3767 548 3870 Antiochinae
568 3778 604 3847 lv
625 3782 671 3868 τῷ
691 3773 776 3857 ὑπὲρ
790 3810 832 3824 --
844 3775 1136 3863 διαβεβλημένων.“

97 3891 140 3956 Ea
152 3903 255 3954 autem
265 3891 341 3952 ratio
362 3891 420 3951 alia
440 3908 562 3974 quoque
582 3905 687 3948 caussa
706 3884 794 3946 allata
814 3882 1015 3958 conlimatur,
1064 3881 1137 3944 Ete-

98 3995 162 4056 nim
177 3994 282 4056 ultima
295 3994 388 4055 verbu
401 3992 492 4076 petita
512 4000 583 4054 sunt
601 4009 640 4050 ex
659 3985 898 4072 Harpocratione
911 3984 940 4063 I,
962 4007 993 4070 p.
1017 3988 1067 4056 83,
1087 3981 1136 4044 ed.

100 4097 182 4184 Lips.
205 4097 305 4158 Locus
316 4105 362 4158 ost
380 4095 412 4154 in
423 4091 585 4158 Demouh.
599 4089 685 4154 Orat.
697 4085 860 4174 decoros.
874 4110 945 4186 περ..
954 4087 1006 4149 88.
1048 4080 1138 4155 Alte-2
