2918 4806
276 487 515 576 thetaeihcuria
535 489 649 566 omissa
667 497 755 570 sunt,
776 507 857 554 nunc
876 497 980 550 autem
1000 483 1107 558 addila
1123 487 1233 554 multas
1248 505 1332 554 con-

277 591 405 654 iecturas
423 595 541 658 tollunt.
585 591 749 677 Comperta
768 591 857 671 igitur
871 587 983 660 codicis
999 589 1143 675 scriptura
1161 588 1238 674 quid,
1247 588 1333 658 illud

279 693 333 772 sit,
363 693 568 780 quodaiiert,
602 703 738 756 accurate
764 694 1006 776 contemplemur
1025 703 1222 758 necesseest.
1273 689 1332 755 Ao

279 795 397 880 primae
416 796 541 881 quidem
561 817 654 860 voces
681 793 764 880 quid.
784 794 843 856 sibi
863 795 975 873 velint,
1003 789 1118 875 λιγνύς
1133 805 1170 856 -et
1183 787 1331 868 euodes,

281 897 423 961 omnibus
434 911 544 962 notum
559 909 613 978 est,
631 909 662 960 et
676 900 714 961 ab
730 897 799 983 ipso
814 897 971 978 Hesychio
986 896 1158 981 explicatur.
1201 893 1331 962 Deinde

282 999 380 1064 codex
394 1003 487 1066 habet
508 1005 726 1080 „uaoxivoclb
755 998 897 1062 lllusurus
910 1009 1074 1068 ,accentum
1086 999 1229 1077 mutavit,
1250 999 1331 1060 scri-

280 1101 398 1187 psitque
420 1104 590 1186 καρκίνοςς
612 1104 759 1184 Pergerus
774 1101 902 1180 coniecit
914 1104 1110 1181 saporivae,
1133 1097 1331 1163 Schrevelius
1451 1079 1452 1152 Ῐ

282 1195 508 1283 rivocorulam
528 1205 674 1269 Albertus
694 1203 734 1266 de
757 1201 883 1278 Carcine
903 1201 995 1289 poeta
1016 1203 1172 1283 cogitavit3
1193 1224 1251 1266 nos
1268 1223 1330 1266 au-
1451 1249 1452 1298 1

281 1314 346 1368 tem
358 1309 396 1367 ab
413 1310 499 1371 omni
515 1309 699 1386 coniectura,
721 1328 799 1392 quae
819 1307 853 1368 in
873 1306 1032 1369 hisrebus
1048 1305 1218 1370 tamfacilis
1233 1325 1331 1390 quam

281 1407 394 1472 inutilis
417 1421 463 1472 est
484 1423 514 1473 et
533 1411 664 1489 lubrica,
691 1409 900 1473 lubentissime
920 1407 1115 1469 abstinemus.
1157 1405 1213 1472 Est
1233 1408 1331 1486 enim,
1451 1411 1452 1450 ³

282 1509 394 1594 siquid
415 1512 524 1594 video,
546 1515 705 1592 καρκῖνος
724 1511 957 1574 instrumentum
971 1509 1111 1594 aliquod,
1131 1507 1170 1572 de
1186 1530 1246 1593 quo
1260 1510 1331 1574 He.-
1451 1505 1452 1580 l

282 1613 405 1694 syclrius
431 1616 493 1696 agit
512 1599 583 1678 vol*
601 1614 630 1694 I,
658 1637 688 1700 p.
714 1619 804 1680 1701.
826 1636 851 1676 s.
879 1635 910 1677 v.
934 1609 1154 1694 Θερμαρνρίρ,
1174 1634 1265 1698 quarn
1283 1614 1332 1676 ita

284 1715 415 1800 explieat
440 1765 459 1797 ‚,
467 1721 587 1794 σκεῦος
614 1712 846 1801 παραπλήσιον
873 1711 1037 1804 καρκίνῳ,
1069 1703 1096 1798 ei
1122 1716 1265 1801 χρῶνται
1295 1715 1333 1780 οἱ
1451 1703 1452 1718 ’

283 1812 488 1902 χρυσοχόοιιι
506 1819 595 1908 quod
608 1833 642 1882 ut
654 1816 901 1882 Hemsterhusius
913 1815 1005 1895 vidit,
1027 1815 1065 1878 ad
1088 1815 1201 1882 Polluc.
1217 1817 1332 1896 X„66.

285 1917 369 1996 (vol.
394 1921 441 2002 H,
468 1946 500 2009 p.
533 1927 646 2005 1227.)
678 1920 717 1984 ad
737 1943 844 1982 aurum
869 1917 1125 2005 liquefaciendum
1153 1931 1335 2004 usurpatum

284 2032 341 2087 est.
383 2021 433 2085 De
448 2025 557 2106 eadem
577 2026 703 2087 notione
723 2025 814 2085 huius
833 2020 975 2086 vocabuli
992 2023 1165 2104 Hesychius
1185 2024 1240 2092 sub
1259 2023 1335 2108 ipsa

284 2143 363 2186 voce
376 2130 535 2207 καρκίνος
552 2131 671 2190 locutus
686 2135 765 2202 erat,
787 2123 850 2185 vol.
863 2120 909 2202 Π,
938 2146 968 2210 p.
994 2124 1070 2203 151,
1092 2125 1145 2186 ubi
1165 2147 1335 2188 nunccor-

284 2235 371 2308 rupte
390 2228 498 2306 legitur
526 2225 609 2304 ,mal
630 2230 670 2314 τῇ
691 2224 899 2308 πάρνγρος.“
948 2225 1045 2288 Recte
1073 2227 1167 2307 enim¹
1184 2226 1333 2291 Albertus

285 2323 370 2402 „aad
392 2323 621 2412 rixvpeipoff
642 2327 837 2393 scribendum
860 2349 927 2390 esse
946 2327 1114 2407 iudicavit,
1137 2352 1215 2414 quae
1236 2331 1334 2394 inter-

284 2431 412 2514 pretatio
430 2432 515 2518 apud
529 2433 674 2516 Photium
693 2456 723 2520 p.
746 2430 822 2509 114,
846 2436 896 2495 10.
919 2429 967 2492 ed.
989 2430 1071 2517 Lips.
1091 2444 1218 2496 exstat.-
1241 2432 1334 2499 Cete-

284 2551 354 2594 rum
373 2536 595 2621 apertissimum
616 2536 695 2605 mihi
712 2534 935 2623 videturesse,
964 2555 1025 2618 quo
1040 2533 1141 2596 ‘modo
1154 2536 1231 2596 haec
1244 2536 1334 2599 vocis
1409 2591 1412 2596 i

284 2634 370 2696 notio
387 2657 456 2707 cum
471 2639 721 2724 praecedentibus
743 2640 912 2700 cohaereat.
947 2633 1105 2722 Denique
1125 2637 1335 2728 quaerendum

285 2747 332 2798 est
351 2735 391 2801 de
415 2743 610 2825 sequentibus
638 2735 725 2820 ,aiud
750 2735 786 2806 δὲ
807 2735 968 2820 Κυπρίων
988 2738 1143 2823 μἀρίλη.“
1174 2737 1334 2806 ,Albertus
1451 2805 1452 2838 ,

286 2834 326 2898 de
346 2844 487 2904 vocabuli
509 2845 636 2906 notione
654 2865 724 2922 non¹
736 2843 899 2921 dubitavit,
923 2843 1159 2928 provocavitque
1175 2841 1215 2904 ad
1229 2844 1335 2924 Hesy-

287 2939 391 3017 chium
413 2934 505 3005 etad
524 2946 623 3029 prima
639 2943 845 3028 Scaligerana,
867 2969 898 3032 p.
922 2948 979 3023 98,
1001 2947 1055 3009 ubi
1072 2945 1235 3018 discrimen
1254 2945 1335 3008 inter

286 3035 400 3119 λιγνὺς
422 3053 452 3104 et
472 3045 592 3128 μαρίλη
613 3046 779 3110 doceretun
830 3046 894 3109 Sed
919 3048 978 3110 nisi
1007 3051 1110 3127 fallor,
1126 3047 1216 3110 'nihil
1235 3059 1281 3110 est
1298 3048 1335 3110 in
1451 3027 1452 3118 l

285 3142 365 3202 hanc
387 3165 453 3206 rem
472 3148 584 3232 aptius,
606 3169 700 3232 quam
719 3149 802 3234 quod
823 3146 958 3213 Galenus
978 3151 1020 3212 ait
1040 3152 1071 3214 in
1087 3150 1226 3236 Exposit.
1244 3169 1333 3213 voce.
1451 3217 1452 3226 ρ

286 3243 472 3330 Hippocratt.
494 3269 518 3311 s.
540 3270 570 3312 v.
598 3246 743 3326 „Milev
771 3245 809 3313 νὸ
832 3245 1021 3329 Κύκριον.“
1065 3296 1084 3329 „
1092 3249 1152 3334 τὴν
1174 3251 1336 3333 Κνπρίαν
1451 3283 1452 3296 ¹

286 3343 430 3426 σποδὸν,
460 3339 484 3436 ᾗ
510 3347 596 3439 πρὸς
620 3347 701 3429 τούς
723 3347 921 3436 ὀφθαλμούς
942 3349 1118 3438 maibew
1154 3357 1262 3442 quibus
1281 3357 1335 3419 ille
1451 3439 1452 3444 ἵ

284 3451 459 3538 Hippocrat.
478 3455 686 3543 interpretatur
708 3452 782 3538 περὶ
802 3477 875 3538 νυν.
898 3456 930 3535 Ι,
951 3481 982 3544 p.
1005 3457 1077 3524 243.
1100 3457 1151 3524 10.
1196 3457 1286 3538 Quae
1304 3458 1336 3522 si
1451 3479 1452 3486 ¹

284 3574 358 3638 vera
378 3568 463 3636 sunt,
492 3562 578 3622 locus
596 3560 663 3646 qui,
684 3558 1001 3643 anteatamdifficilis
1023 3583 1091 3624 esse
1103 3559 1279 3647 videbatur,
1299 3571 1337 3622 ut
1451 3619 1452 3636 ,

285 3653 380 3718 Henr.
396 3657 584 3746 Stephanus,
606 3683 640 3726 se
652 3657 784 3750 nescire,
806 3662 880 3748 quid
893 3661 951 3725 sibi
965 3664 1057 3726 vellet
1069 3664 1243 3748 Hesychius
1251 3685 1335 3728 =con·
1443 3713 1452 3756 ,

285 3755 432 3839 fiterettu,
460 3761 665 3850 Albanusque
688 3779 758 3852 post
781 3768 877 3844 multa
898 3768 991 3827 verba
1011 3764 1186 3830 seDavum
1200 3774 1268 3834 esse
1284 3764 1335 3834 die
1451 3757 1452 3770 ¹

287 3870 382 3936 ceret,
404 3883 468 3923 non
484 3864 656 3953 Oedipum,
678 3869 773 3930 solius
794 3866 906 3936 codicis
925 3866 1090 3938 Venetiani
1102 3890 1165 3954 ope
1178 3871 1269 3932 facile
1281 3889 1335 3931 sa-
1451 3879 1452 3934 1

285 3973 372 4025 natus
388 3975 419 4026 et
435 3979 553 4051 apertus
574 3981 644 4032 est..
672 3970 770 4037 Nobis
791 3980 893 4032 autem
912 3967 985 4042 inde
1004 3970 1081 4034 nihil
1102 3969 1335 4056 adiumentiad

282 4078 419 4140 nostram
440 4070 642 4135 coniecturam
664 4076 813 4159 provenit.
865 4071 968 4152 Quare
994 4073 1027 4155 in
1047 4074 1253 4160 superioribus
1263 4073 1334 4140 dlts
1451 4085 1452 4146 l
