2918 4806
313 363 377 424 114

312 528 432 606 chium,
461 526 488 588 si
512 522 585 612 quid
605 523 707 589 iudico
734 525 782 590 sui
802 523 923 589 codices
944 526 977 587 in
1001 545 1134 590 errorem
1154 521 1358 605 induxenrnt3
1444 556 1447 565 ι

311 633 402 710 longe
433 629 516 692 enim
536 627 692 691 Athenaei
721 629 884 695 lectionem
909 629 1095 714 antepono.“
1137 625 1225 692 Bene
1251 639 1359 690 contra

311 733 527 798 casaubonum
540 730 850 811 Schweighaeusenrs
864 742 1019 819 comparat
1029 731 1260 816 Hesychianum
1279 747 1358 809 „pe-

311 832 474 919 δόψηρον·
495 830 676 918 ἡμίξηρον“
697 845 728 896 et
739 833 927 898 dialecticam
948 853 1015 895 esse
1030 831 1235 896 diversitatem
1250 831 1356 893 sumit.

309 938 461 1024 Equidem
477 938 625 1020 Hesychii
640 938 803 999 lectionem
814 938 969 1022 praefero3
991 957 1074 1015 eam,
1096 955 1174 1021 quae
1187 953 1236 1018 ap.
1250 929 1357 994 Athe-
1383 971 1387 976 ·

309 1063 422 1103 naeum
438 1052 550 1120 exstat,
573 1039 787 1102 emendatione
805 1061 872 1102 esse
894 1049 992 1102 ortam
1011 1036 1117 1115 credo,
1140 1056 1233 1122 quam
1246 1034 1356 1094 insoli-

308 1156 339 1205 ta
363 1147 463 1206 forma
481 1146 634 1229 postulare
652 1141 821 1207 videbatur.
864 1139 901 1202 ln
919 1142 1029 1204 talibus
1047 1143 1137 1204 rebus
1157 1159 1210 1200 me
1231 1157 1357 1221 semper

308 1246 391 1308 libris
404 1244 443 1307 ad
455 1246 620 1308 litterarum
631 1244 771 1308 ordinem
786 1243 903 1328 scriptis
922 1243 1038 1304 maiora
1053 1239 1356 1316 ntbuemconfireor,

266 1345 270 1353 ’
309 1348 343 1408 in
359 1348 481 1431 quibus,
495 1348 554 1408 nisi
566 1349 630 1408 iam
644 1349 683 1409 ab
699 1351 821 1407 auctore
842 1343 994 1408 admissus
1017 1355 1095 1424 erat,
1117 1363 1200 1407 error
1210 1363 1275 1402 non
1286 1352 1355 1402 tam

309 1451 398 1511 faeile
414 1449 546 1511 nascitur
558 1461 589 1510 et
604 1431 729 1510 celerius
749 1448 913 1526 corrigitur.
937 1485 976 1497 -
999 1446 1116 1512 Athen.
1129 1448 1171 1508 ib.
1184 1467 1211 1508 e.
1233 1443 1355 1527 ,,βρατ-

309 1550 408 1633 τίμην
429 1571 463 1614 τε
484 1552 658 1614 καλεῖσθαι
676 1544 737 1614 τδν
758 1549 931 1632 πιτνρίτην
950 1545 1072 1632 ἄρτον,
1101 1545 1141 1620 ὃν
1165 1541 1308 1628 οᾶιτονον
1330 1541 1355 1629 ἢ

308 1647 467 1717 τιάιιονον
489 1646 711 1736 ὀνομάζουσιν
738 1646 886 1746 Ἀμερίας
906 1649 962 1716 eat
986 1649 1191 1733 Tapuzidag‘ss
1213 1648 1354 1735 adquae

309 1753 484 1836 Schweigh.
498 1755 639 1817 Animm.
651 1754 680 1834 Ι,
701 1777 732 1841 p.
755 1760 827 1819 301.
854 1775 949 1833 „mox
969 1751 1081 1816 deinde
1097 1753 1150 1816 ubi
1169 1745 1308 1818 εὔκονον
1330 1747 1354 1836 ἢ
1450 1801 1453 1810 .

307 1851 468 1922 τιάκονον
488 1857 600 1937 edium,
621 1854 798 1944 pauculam
817 1849 839 1940 ἢ
859 1856 979 1935 ignorat
997 1867 1100 1919 noster
1112 1877 1170 1918 ms.
1184 1853 1227 1919 A„
1250 1866 1353 1918 caete-

306 1981 375 2021 rum
389 1961 432 2021 nil
445 1971 550 2021 mutat.
593 1959 751 2044 Nusquam
765 1959 837 2022 alibi
854 1959 938 2044 quod
954 1959 1049 2020 sciam
1064 1960 1214 2022 voeabula
1224 1958 1282 2020 ista
1294 1979 1353 2020 οο-

308 2072 437 2123 currunt.
486 2061 521 2122 si
540 2061 606 2146 quis
632 2063 821 2124 coniecturae
845 2072 926 2124 esset
945 2063 1047 2139 locus,
1067 2061 1245 2122 hariolabar
1262 2062 1352 2146 equi-

308 2161 396 2238 dem,
418 2183 474 2245 pro
490 2157 631 2228 εὔκονον
655 2167 783 2226 fortasse
798 2159 937 2245 ἔμμονον
956 2165 1100 2248 scriptum
1111 2164 1293 2248 oportuisse,
1315 2163 1352 2226 id
1452 2215 1453 2230 a

307 2257 605 2342 esttornooptvov,
632 2262 895 2350 deproperatum.“
937 2265 1036 2328 Vides
1059 2267 1168 2346 igituir
1181 2287 1274 2350 quam
1290 2265 1351 2328 de-

306 2375 424 2449 sperata
440 2367 517 2428 haec
536 2366 604 2428 sint.
647 2367 821 2430 Memoratu
840 2379 942 2430 autem
963 2366 1175 2447 dignissimum
1196 2379 1256 2448 est,
1282 2372 1350 2434 fere

162 2527 164 2536 .
194 2461 198 2474 ’
305 2476 403 2528 totam
415 2467 577 2530 hancilibn’
590 2481 724 2554 partem,
746 2472 779 2532 in
794 2491 886 2555 quam
901 2469 976 2548 114,
998 2473 1028 2546 h.
1050 2471 1091 2532 ita
1105 2471 1350 2558 scriptoringre-

307 2568 386 2634 ditm
411 2566 487 2648 ,μιαί
514 2569 548 2636 οί
571 2569 826 2656 γλωσσογράφοι
855 2568 891 2636 δὲ
910 2565 1023 2652 ἄρτων
1042 2563 1190 2656 ὀνόματα
1211 2571 1350 2640 καταδέ-

305 2672 423 2752 μονσάι
445 2675 541 2736 esolo
553 2673 706 2768 Pamphili
725 2676 802 2738 libro
817 2677 959 2736 haustam
971 2671 1083 2751 videri,
1103 2673 1159 2740 sed
1177 2677 1256 2739 mire
1278 2699 1349 2741 cor-

305 2786 425 2860 ruptam
439 2775 471 2836 in
485 2779 595 2840 nostris
615 2778 763 2864 exemplis
784 2777 930 2840 exhiberi.
967 2774 1080 2861 Incipit
1100 2777 1183 2840 enim
1202 2779 1244 2842 ita
1266 2776 1348 2860 ,,Σε’-

305 2879 422 2951 λινκος
442 2875 503 2959 μὲν
532 2874 655 2961 δράμιν
680 2874 749 2943 άπὸ
771 2872 978 2943 Μακεδόνων
1004 2873 1111 2953 οὕτως
1136 2876 1348 2966 καλούμενον
1450 2855 1451 2903 t

306 2972 340 3040 δ’
367 2972 471 3056 ἄρτον
496 2973 791 3059 dedecoratum,
824 2980 986 3065 inquibus
1008 2974 1131 3062 δράμιν
1151 3005 1216 3046 nou
1237 2987 1355 3066 tetige·

304 3089 388 3156 runt,
409 3099 464 3162 pro
481 3074 517 3142 ’δ’
538 3076 639 3162 ἄρτον
660 3096 768 3144 autem.
781 3075 927 3160 δάρατον
941 3103 963 3175 ςο
985 3082 1154 3148 coniectura
1171 3085 1346 3152 Gasauhoni
1449 3133 1450 3165 ι

302 3192 486 3266 receperunt.
501 3180 689 3263 *Schweigh
704 3183 729 3245 Ι.
750 3206 782 3268 p.
796 3189 859 3247 267
873 3193 903 3245 et
922 3188 994 3248 297.
1035 3183 1072 3248 In
1084 3189 1246 3252 meliorem
1260 3192 1345 3254 riam

304 3282 514 3348 eosreducere
529 3296 650 3370 poterat
665 3285 838 3366 Hesychius
867 3283 1011 3367 ,,δαράν·
1039 3285 1170 3368 μακράν
1198 3286 1342 3373 χρόνον·

302 3381 357 3448 καί
379 3379 516 3450 ίιιιποίδ
545 3383 602 3449 καὶ
631 3382 751 3470 ἑορτήν
781 3384 837 3450 ναί
866 3382 968 3468 ἄρτον
989 3385 1074 3464 τινὲς
1093 3385 1154 3454 τάν
1175 3387 1342 3475 denuost,

300 3486 382 3550 unde
402 3483 546 3570 ,,δαρὸν“
564 3510 692 3574 repono.
720 3487 779 3552 Pro
794 3485 913 3572 δράμιν
929 3501 1040 3570 autem,
1054 3493 1193 3572 conficio,
1206 3498 1343 3560 scriben-

302 3585 376 3650 dum
399 3602 459 3668 est,
485 3583 651 3670 ,,δραιάν“,
677 3590 762 3675 quod
784 3589 868 3652 idem
889 3594 1152 3674 estrocabuhrm3
1179 3617 1258 3660 ¹nam
1275 3598 1342 3660 He-

300 3690 385 3766 syeh.
407 3689 437 3768 1,
458 3714 489 3775 p.
513 3696 604 3756 1029.
625 3688 780 3773 ,,δραιόν’·
804 3687 980 3774 μακρόν·
1002 3689 1145 3760 πνλιάν·
1168 3714 1263 3780 quam
1281 3719 1341 3764 ro-

300 3791 368 3849 cem
384 3789 423 3852 ud
438 3787 544 3872 δαρὸν
562 3794 712 3877 pertinere
723 3793 869 3858 Albertus
888 3807 919 3856 et
929 3796 1176 3859 Hemsterhusius
1186 3797 1339 3862 viderunt.
1432 3881 1434 3888 Ι

298 3886 429 3954 Πνλεόν
450 3904 621 3978 corruptum
635 3915 710 3974 esse,
732 3906 824 3980 patet.
860 3893 1009 3980 ¹Sequitur
1028 3895 1216 3979 „ivtvuvdd
1234 3915 1340 3981 φησιν

296 3981 398 4070 ἄρτον
428 3985 515 4057 εἶναι
542 3996 726 4080 λεκιθίτην·
759 3991 908 4077 ἐρικίταν
939 3994 976 4060 δὲ
1004 4001 1180 4063 καλεῖσθαι
1211 3996 1285 4067 τὸν,
1300 3996 1350 4078 ἐξ·

159 4095 161 4099 ’
292 4084 509 4177 ἐρρρνμμίνον
528 4092 586 4161 καί
606 4091 753 4182 dedomo
773 4099 886 4181 sopori
905 4094 1102 4184 γιγνόμενον
1116 4097 1174 4164 not
1190 4097 1338 4183 κονδρά-
1445 4191 1446 4202 ρ
