2918 4806
1105 347 1167 420 lli

129 507 307 596 Πάμφιλος
326 517 444 599 solum3
464 516 596 603 primum
614 519 793 586 accedamus
813 521 852 585 ad
872 524 936 586 eius
951 526 1052 588 locum
1069 529 1169 590 mana

126 607 178 678 me
192 619 433 682 memorabilem
478 621 624 706 Loquitur
637 623 721 684 enim
733 623 933 707 Etymologus
948 626 987 690 de
1000 649 1078 692 voce
1094 624 1167 714 κμέ-

125 719 252 800 iubeor
279 721 362 800 „Ari
380 711 571 803 peruenere,
604 721 656 789 ὅτι
683 722 722 792 κὰ
749 747 771 791 κ
795 724 860 807 πρὸ
883 731 944 791 τοῦ
964 751 988 811 μ
1009 724 1168 796 οὐδέκοτε

126 817 314 901 εὑρίσκεται
341 819 378 886 ἐν
408 817 494 907 ἀρχῇ
521 823 650 904 λέξεως·
686 833 747 894 τοῦ
774 823 839 912 γὰρ
868 825 1078 916 πολύκμητος
1102 827 1169 916 *oriz

124 918 265 1007 εὕρηται
286 919 455 1008 ἐκχρήσει
475 923 514 990 τὸ
536 922 667 994 ἁπλοῦν
694 925 816 996 αὐτοῦ·
844 927 949 1016 ἤγουν
969 930 1008 998 cd
1028 930 1168 1020 κμητός·

126 1024 183 1090 καὶ
204 1023 243 1092 cd
263 1023 427 1110 κέκμηκα,
458 1023 478 1093 ὃ
499 1029 596 1114 δηλοῖ
613 1028 652 1096 τὰ
672 1034 873 1110 κεκοπίακα,
908 1030 971 1100 οὐκ
993 1034 1080 1101 ἔστιν
1101 1032 1167 1118 dud

126 1131 189 1192 τοῦ
211 1131 302 1211 epu·
321 1121 409 1193 ἀλλ’
432 1124 497 1195 ἀπὸ
520 1135 582 1198 τοῦ
604 1129 800 1218 usurpares
820 1136 974 1225 Deinceps
996 1152 1168 1225 sequuntur,
1247 1207 1250 1214 ,

127 1253 204 1315 quae
227 1226 316 1318 su'pra
328 1234 429 1296 'attrdi
472 1233 543 1297 Non
561 1234 758 1318 dubitabitur,
780 1241 853 1326 quin
867 1251 932 1304 ¹tuta
949 1244 1000 1304 lex
1017 1263 1169 1321 gramma-

126 1334 185 1396 tica
201 1337 239 1396 ab
259 1355 297 1396 eo
317 1335 383 1398 viro
402 1338 558 1422 proposita
578 1338 633 1416 sit,
656 1334 704 1400 cui
727 1355 882 1428 acceptam
903 1341 996 1406 debet
1007 1342 1169 1424 Etymulo-

126 1456 182 1515 gus
203 1435 354 1521 Pamphili
369 1440 575 1520 mentionem3
605 1443 833 1506 celeberrimum
853 1443 921 1508 dico
941 1447 1168 1526 grammaticum

126 1537 353 1618 Herodianum,
377 1539 667 1628 Apolloniifilium3
688 1542 756 1631 qui,
778 1557 812 1608 ut
826 1548 930 1610 statim
944 1549 1114 1633 apparebit,
1135 1549 1168 1610 in

108 1718 111 1722 p
127 1641 270 1714 omnibus
283 1642 404 1727 reliquis
418 1661 539 1728 quoque
559 1647 677 1724 legibus
700 1646 887 1710 adversarius
899 1648 1061 1734 Pamphilo
1076 1652 1169 1712 exsti-
1197 1711 1202 1715 .

126 1745 170 1806 rit
214 1742 407 1806 Herodianus
429 1755 548 1824 autem,
570 1746 666 1808 Marci
685 1746 804 1810 Aurelii
827 1761 925 1810 aetate
946 1735 1070 1828 vivens,
1092 1753 1169 1813 lexi-

128 1867 187 1908 con
197 1845 350 1932 Pamphili
363 1845 436 1926 legit
449 1845 535 1909 haud
548 1845 649 1929 dubie,
664 1849 749 1934 quud
762 1851 838 1912 circa
853 1862 1001 1936 quartum,
1021 1853 1169 1936 quintum,

127 1960 290 2014 etsextum
312 1951 483 2028 saeculum,
505 1961 538 2011 ut
559 1953 717 2036 probabile
738 1962 798 2030 est,
826 1973 866 2014 ex
887 1953 1049 2015 hominum
1070 1956 1170 2016 mani-

127 2055 186 2114 bus
198 2052 330 2116 evanuit.
372 2050 559 2116 Evolventes
572 2065 674 2116 autem
689 2055 837 2137 Hesychii
849 2054 984 2134 lexicon,
1006 2051 1171 2140 κμέλεθρα

127 2156 236 2217 frustra
265 2155 450 2238 quaerimus,
484 2154 541 2218 sed
562 2157 652 2242 quod
684 2180 748 2220 non
781 2157 1005 2244 exspectamus,
1039 2154 1171 2244 κμηκός,
1291 2197 1295 2205 -
1332 2138 1336 2150 ¹
1361 2143 1366 2150 ’

128 2255 211 2342 quod
222 2258 324 2342 ipsum
338 2256 531 2322 Herodianus
543 2261 707 2346 obpugnat.
751 2258 855 2340 Quare
869 2259 1016 2348 opinabar
1027 2262 1170 2347 primum,

128 2362 179 2424 vel
196 2362 298 2445 petius
312 2361 498 2446 suspicabar,
524 2383 638 2426 errasse
660 2363 895 2446 Etymologum,
915 2386 970 2449 pro
987 2361 1109 2448 κμητός
1124 2369 1172 2428 le-

129 2473 252 2543 gentem
272 2457 446 2544 uetuerunt.
497 2461 578 2525 Nam
597 2464 680 2549 quod
700 2463 785 2528 addit
805 2465 975 2548 ‚samue
997 2461 1032 2528 di
1053 2499 1096 2512 -
1119 2465 1172 2530 liu·

129 2559 224 2644 κούς,
244 2563 278 2626 id
290 2563 415 2649 quidem
431 2585 496 2627 non
511 2570 661 2647 curabam,
683 2565 735 2658 qui
755 2589 791 2630 ea
806 2570 900 2631 verba
913 2565 1089 2656 Etymolqgi
1104 2587 1172 2631 esse

130 2667 379 2748 additamentum,
399 2666 546 2747 videram,
567 2691 667 2755 neque
688 2691 758 2732 cum
769 2671 919 2755 plerisque
935 2670 1014 2731 haec
1026 2669 1066 2731 ad
1079 2668 1172 2744 Pam-

129 2773 250 2857 philum
280 2782 310 2832 et
338 2768 549 2832 Herodianum
574 2772 742 2834 trahebam.
791 2771 875 2835 Nihil
904 2773 1023 2834 affirmo
1050 2784 1172 2855 tamen,

128 2874 279 2960 imprimis
298 2894 409 2958 quum,
438 2885 472 2934 ut
496 2895 589 2960 saepe
609 2877 723 2936 factum
752 2885 811 2952 est,
841 2876 898 2937 sub
911 2895 995 2937 ‘voce
1022 2870 1173 2956 μέλαθρα

129 2997 180 3040 res
203 2976 397 3062 aPamphilo
420 2977 582 3062 explicata,
613 2989 644 3040 et
670 2981 708 3040 ab
729 2977 922 3052 Diogeniano
943 2977 1056 3040 omissa
1077 2979 1175 3064 possit
1288 3003 1294 3018 ·

131 3101 209 3144 esse.
254 3078 396 3170 Ceterum
416 3091 462 3144 est
482 3082 558 3142 heec
579 3101 657 3158 vox,
682 3077 876 3159 Schneideri,
898 3078 1077 3142 Butunanni
1097 3083 1176 3144 alio:
1205 3077 1207 3088 ’

130 3185 259 3268 rumque
271 3203 370 3244 errore
384 3183 607 3262 memorabilis,
629 3183 681 3266 qui
700 3184 864 3269 scripturae
879 3180 989 3246 vitium
1008 3182 1090 3268 apud
1105 3181 1175 3247 Ste-

104 3359 105 3366 ,
131 3288 272 3371 phanum
292 3285 401 3364 secuti,
430 3284 621 3368 κμέλαθρον
642 3307 681 3346 ex
700 3285 952 3370 Pamphyliorum
970 3283 1097 3347 dialecto
1120 3307 1176 3369 pe-

131 3375 223 3449 titum
239 3409 305 3449 esse
320 3387 476 3469 dicebant3
500 3391 551 3451 cfr.
571 3385 715 3449 Schneid.
738 3387 812 3449 Lex.
834 3384 940 3450 Graec.
963 3408 988 3448 s.
1009 3405 1039 3448 v.
1059 3381 1175 3466 uptiis-

133 3495 240 3572 θρον,
263 3488 410 3553 Thiersch
427 3488 479 3553 Gr.
497 3487 550 3553 Gr.
570 3512 602 3576 p.
617 3495 667 3554 39.
689 3488 804 3551 Buten.
821 3489 958 3568 Lexilog.
981 3485 1025 3564 Π,
1048 3507 1080 3574 p.
1101 3490 1175 3554 242.

219 3590 341 3654 Deinde
353 3591 555 3675 Etymologus
567 3589 683 3654 iisdem
698 3612 796 3677 paene
816 3591 930 3668 verbis,
952 3589 1061 3678 quibus
1083 3593 1176 3656 scho-

134 3697 220 3760 liasta
229 3695 378 3776 rVenetus,
399 3717 483 3773 usus,
509 3695 547 3756 de
562 3715 641 3758 voce
655 3693 787 3776 εἴδομεν
800 3692 924 3776 eiusque
938 3704 1062 3754 accentu
1077 3696 1177 3782 loqui-

135 3811 197 3888 tuu,
230 3797 426 3885 defenditque
455 3810 559 3861 contra
578 3795 773 3880 Pamphilum
794 3792 962 3856 Aristarchi
983 3796 1176 3881 'opinionem
1236 3792 1241 3801 ⁴

136 3899 282 3964 lnlexieo
300 3902 496 3983 Hesychieno
517 3899 688 3983 „eidupw
712 3891 891 3982 priunum
912 3908 996 3977 cetu,
1018 3923 1118 3988 neque
1136 3903 1176 3966 el-

138 4002 255 4085 δοῖμεν,
287 4024 388 4090 neque
406 3995 546 4086 elddpsv·
589 4003 713 4088 Triplex
729 4011 774 4063 est
787 4002 1051 4080 grammaticorum
1062 4004 1176 4090 opinio.
1295 4052 1300 4066 s

139 4104 204 4170 Alii
222 4109 306 4170 enim
325 4106 478 4193 duplicem
497 4129 564 4172 esse
588 4105 772 4173 coniunctiri
788 4105 933 4185 formam,
956 4103 1034 4171 εἴδω
1057 4119 1087 4169 et
1102 4105 1178 4173 eldad
1236 4127 1240 4132 ·
