2894 4816
298 543 379 596 nuno
391 550 448 622 pro
457 525 614 619 deperdito
623 529 728 609 habiti,
743 529 1058 617 Lexicographiopus,
1072 526 1191 592 sublato
1198 529 1265 594 veri
1271 526 1345 592 ¹Au-

299 632 388 698 ctoris
398 631 531 698 'nomine
545 632 604 698 sibi
624 631 795 697 vindicasse
817 633 1006 714 Hesychium
1019 633 1166 718 aliquem,
1189 641 1279 718 atque
1292 631 1346 694 in·

298 735 340 802 de
352 737 505 822 Hesychii¹
519 734 655 798 Lexicon
674 737 713 797 ab
735 735 952 819 antiquioribus
976 733 1179 816 mancis
1193 755 1346 822 nusquam

297 839 455 904 laudatum
469 836 609 926 reperiri,
631 835 793 920 aliquando
814 836 1003 922 suspicabar,
1020 833 1105 896 'dictu
1128 833 1230 900 durius
1252 837 1345 900 vide-

298 951 362 1007 tur:
385 943 442 1006 etsi
453 953 518 1004 tam
532 941 628 1002 altum
647 946 679 1001 et
691 937 866 1000 diutumum
880 937 919 1000 de
932 939 1080 1020 Hesychii
1100 937 1214 1000 Lexico
1229 959 1285 1024 per
1297 949 1346 1002 tot

298 1046 400 1106 secula
425 1042 579 1107 silentium
600 1040 801 1126 codicumque
813 1039 1086 1126 manuscriptorum
1099 1039 1238 1125 inopiam
1250 1041 1345 1102 mira-

298 1145 398 1208 mur.“
438 1144 511 1207 Non
531 1141 733 1206 dubitandum
746 1141 879 1220 videtur,
902 1142 975 1227 quin
987 1143 1064 1204 haec
1077 1141 1226 1204 sententia
1242 1144 1280 1204 ab
1295 1144 1344 1207 vi-

299 1267 334 1309 ro
346 1246 482 1310 maxime
495 1245 599 1310 'sobrio
617 1247 768 1330 profecta,
790 1242 968 1324 dignissima
987 1243 1041 1320 sit,
1063 1263 1141 1327 quae
1156 1245 1259 1305 animo
1273 1247 1344 1308 vol-

225 1410 229 1418 ,
299 1358 387 1412 rabir
404 1357 436 1410 et
453 1346 613 1427 indagetur
634 1346 865 1408 accuratissime,
919 1342 1043 1424 Quodsi
1061 1344 1122 1430 ipsi
1144 1345 1209 1409 eius
1230 1348 1345 1409 auctori

291 1469 481 1514 concessum
493 1449 610 1527 fuisset,
627 1448 713 1510 alteri
724 1459 812 1509 tomo
819 1449 963 1532 praefari:
984 1451 1114 1510 fortasse
1125 1449 1260 1533 pluribus
1273 1469 1346 1512 eam

299 1562 456 1616 tractasset
475 1562 506 1615 et
526 1548 736 1638 exornandam
755 1549 815 1612 sibi
835 1549 1028 1635 sumpsisset,
1060 1548 1228 1628 nisi‘inde,
1260 1548 1345 1635 quod
1431 1619 1432 1638 ἢ

299 1651 494 1718 Valckenarii
512 1653 623 1732 refugit
641 1651 840 1729 sententiam,
862 1662 897 1712 ut
914 1650 1116 1714 Ruhnkenius
1133 1663 1248 1733 narrat,
1269 1675 1345 1716 con-

256 1827 258 1832 ,
299 1757 424 1820 trarium
449 1753 653 1836 colligendum
683 1765 737 1817 est.
803 1751 945 1817 Ceterum
971 1754 1207 1817 Valckenarium
1227 1768 1346 1842 praeter

300 1856 375 1920 alias
396 1877 516 1922 caussas
526 1859 586 1921 'his
605 1857 679 1945 ipsis
694 1855 816 1920 'Alberti
836 1855 1073 1920 dubitationibus
1086 1858 1187 1937 lectis,
1207 1855 1346 1921 insuam

301 1959 481 2044 opinionem
503 1969 632 2024 uacuum
652 1959 1139 2044 esse,inlitiarinemopote1it;
1171 1978 1347 2044 quanquam

300 2063 396 2122 multo
411 2060 518 2140 magis,
541 2071 574 2121 ut
588 2060 705 2146 opinor,
725 2071 829 2123 motus
846 2071 893 2124 est
905 2058 1038 2142 Bentleii
1054 2061 1236 2140 auctoritate,
1258 2062 1345 2125 curius

300 2160 416 2240 ingenii
443 2160 600 2226 divinitate
628 2161 794 2248 abripimur
821 2185 945 2242 onmes,
978 2164 1030 2248 qui
1057 2163 1173 2249 primus
1197 2149 1345 2250 epistolae
1432 2165 1433 2168 ’

300 2261 396 2324 fidem
409 2263 675 2350 auctoritatemque
695 2249 906 2352 impugnavit,
922 2264 1009 2350 epist.
1024 2263 1065 2342 ad
1077 2265 1224 2346 Millium,
1244 2290 1274 2358 p.
1290 2273 1344 2332 37.

300 2361 407 2444 Quum
427 2365 511 2427 enim
528 2365 699 2447 Hesychius
714 2365 855 2448 dixisset,
876 2391 914 2432 se
932 2361 1024 2431 nard
1035 2359 1097 2430 τόν
1113 2365 1346 2452 γραμματικὸν

297 2462 508 2549 Ἦρωδιανὸν
530 2471 633 2532 omnia
653 2469 823 2556 scripsisse,
849 2481 959 2533 monet
972 2467 1128 2533 Bentleius
1149 2472 1236 2554 „Ego
1256 2477 1345 2554 vero,

246 2557 252 2572 ’
300 2571 352 2656 qui
366 2568 536 2634 Theodosii
550 2572 609 2637 Ms.
630 2567 808 2656 Ἐκιτομὴν
831 2573 890 2656 τῆς
903 2567 1053 2638 καθόλου
1077 2573 1346 2639 Herodianilecti-

264 2685 265 2690 ’
299 2673 378 2753 tavi,
404 2675 562 2753 testificor,
589 2696 697 2762 parum
715 2675 787 2737 huic
809 2676 971 2760 promitto,
997 2678 1049 2741 vel
1071 2679 1154 2740 nullo
1175 2677 1271 2742 modo
1290 2698 1345 2741 sa-
1433 2709 1434 2760 3

299 2775 452 2839 miacbrm
466 2777 564 2840 esse.“
1245 2795 1247 2802 ⁴
1433 2783 1434 2794 ¹

383 2877 469 2939 Haec
493 2881 558 2942 fere
578 2890 648 2942 sunt
674 2900 751 2966 quae
773 2877 831 2943 viri
862 2877 945 2943 docti
965 2879 1004 2944 de
1025 2881 1222 2964 Hesychiano
1241 2883 1344 2948 lexico

299 2976 518 3062 eiusque'r'era
543 2976 658 3060 origine
680 2993 711 3044 et
734 2982 865 3064 genuina
878 2986 978 3046 fonna
992 2983 1189 3071 disputarumt.
1231 2984 1345 3052 Nostra

299 3089 397 3142 aetate
417 3082 482 3142 fere
497 3099 606 3143 omnes
627 3083 725 3144 lexico
747 3084 943 3166 Hesychiano
964 3087 1011 3149 usi
1024 3099 1108 3166 sunt,
1129 3088 1174 3149 uti
1193 3108 1248 3174 par
1260 3099 1343 3152 erat:

299 3177 536 3265 disputationem
556 3194 659 3246 autem
687 3181 726 3246 de
746 3185 824 3248 libro
844 3186 913 3272 ipso
932 3210 1026 3250 nemo
1046 3190 1178 3254 scribere
1203 3190 1345 3253 instituit.

298 3253 415 3346 Licebit
439 3281 530 3362 igitur
547 3285 627 3348 milri
656 3307 760 3348 meam
788 3310 941 3375 exponere
961 3293 1161 3374 sententiam3
1183 3313 1256 3380 qua,
1280 3290 1345 3356 nisi

297 3403 416 3466 egregre
427 3386 532 3465 fallor,
551 3407 600 3450 res
612 3397 676 3450 tota
692 3391 866 3454 absolvitur.
940 3401 944 3408 ⁴

374 3487 497 3552 Vertun
511 3509 569 3570 ego
586 3489 654 3552 libri
666 3491 757 3556 huius
771 3505 925 3557 auctorem
946 3493 1141 3583 Pamphilum
1155 3515 1223 3558 esse
1237 3492 1343 3578 credo,

294 3583 540 3654 Alexandrinum
560 3595 806 3676 grammaticum,
830 3596 869 3660 de
885 3598 968 3661 cuius
982 3609 1080 3660 aetate
1102 3611 1133 3660 et
1140 3598 1261 3683 scriptis
1273 3590 1343 3661 sin-

294 3688 389 3767 gulari
414 3691 518 3756 libello
539 3707 702 3782 exponam.
745 3698 848 3764 Primo
871 3701 946 3764 illud
965 3712 1037 3786 post
1058 3699 1212 3763 Christum
1231 3702 1340 3764 'seculo

292 3787 463 3868 conditum,
492 3797 628 3862 secundo
651 3811 698 3862 est
716 3803 756 3863 ab
778 3799 973 3881 Diogeniano
1002 3803 1200 3883 grammatico
1231 3823 1341 3865 excer-

289 3901 386 3978 ptum·
428 3889 613 3974 Diogeniani
633 3902 744 3991 libmm
763 3903 854 3983 igitur
874 3904 1016 3969 manibus
1037 3906 1178 3983 terimus,
1207 3907 1247 3968 ab
1269 3905 1339 3967 He-

287 3993 395 4076 sychio
408 3995 513 4058 nescio
528 4019 588 4083 quo
602 4000 815 4068 additamentis
828 3995 980 4090 pollutum
992 4018 1024 4070 et
1037 4011 1233 4072 maculatum.
1266 4007 1338 4070 Ac-

288 4096 415 4160 curstius
429 4097 546 4178 singrda
556 4109 665 4184 postea
681 4101 974 4171 demonstrabuntur.
